2234 4175
340 970 725 1029 1anT1N11·.u.'
808 992 835 1033 tr

236 1077 307 1149 ieas3
322 1070 457 1153 auspicia,
470 1073 646 1151 quibusisaee
655 1076 718 1133 urbs
728 1077 841 1135 consilto.

238 1160 284 1235 esi,
291 1163 392 1239 quibus
402 1162 497 1218 omnis
506 1156 656 1234 respublica
665 1176 743 1237 atque
751 1164 838 1241 insse.

238 1250 301 1307 n'um
317 1261 445 1317 tenetur,
461 1244 681 1323 contempseris?
703 1247 837 1326 initioq·:e

236 1336 392 1393 tribunatus
401 1332 454 1403 tui,
467 1328 571 1387 senatui
580 1331 762 1403 denuntiaris,
778 1338 832 1391 trie

235 1421 388 1479 ustionibus
396 1436 531 1493 augurum
539 1414 676 1495 responsa,
687 1432 767 1495 atque
774 1422 836 1493 ejus

236 1506 339 1581 eoiiegii
353 1503 543 1579 arrogantiam
564 1502 757 1579 impedimento
774 1524 835 1561 non

236 1590 371 1651 futuram?
388 1586 577 1645 secundumea
586 1608 698 1665 quaero,
710 1588 834 1647 serviris-

235 1698 270 1735 ne
277 1680 306 1735 in
314 1695 350 1735 eo
363 1673 460 1732 sidem?
473 1692 540 1730 num
553 1672 832 1750 quandotibimorsm

236 1763 365 1833 attulerit,
377 1778 436 1837 quo
448 1760 542 1816 minus
558 1759 704 1818 concilium
717 1761 840 1817 advoca·¹

233 1868 286 1920 tes,
302 1847 444 1922 legemque
454 1843 553 1916 serres,
565 1844 641 1921 quod
655 1847 737 1903 eodic
751 1845 831 1903 scires

236 1935 269 1991 de
282 1931 360 1988 caeio
374 1928 424 1987 esie
439 1928 592 1987 servatum?
605 1943 631 1985 et
646 1934 776 2009 quoniam
792 1933 835 1989 hic

238 2018 315 2077 locus
336 2035 406 2074 unus
420 2016 467 2086 est,
488 2036 570 2095 quem
587 2017 635 2075 tibi
650 2038 711 2075 curn
724 2014 835 2074 Caesare

235 2123 410 2165 communem
417 2101 566 2161 essedicas:
578 2101 715 2182 sejungam
725 2118 751 2160 te
760 2105 792 2160 ab
801 2104 833 2160 il·

234 2193 274 2265 lo,
287 2211 347 2250 non
357 2187 444 2247 solum
461 2190 623 2267 reipublicae
637 2188 726 2262 causa,
738 2210 832 2247 verum

236 2282 317 2336 etiarn
330 2274 466 2346 Caesaris,
475 2295 511 2332 ne
523 2295 617 2352 quaex
627 2273 783 2334 tuasumma
792 2278 834 2333 in·

235 2363 372 2441 dignitate
378 2360 453 2418 labes
462 2359 536 2417 iilius
548 2363 674 2438 dignitati
683 2359 783 2438 aspersu
792 2363 834 2418 vi-

235 2449 339 2508 dentur.
364 2449 487 2525 primum
499 2466 611 2523 quaero,
623 2467 687 2504 num
696 2463 723 2504 tu
733 2445 838 2504 senatui

235 2534 340 2594 causam
353 2549 431 2590 tuam
443 2534 596 2610 permittas,
613 2532 686 2610 quod
696 2532 759 2590 facit
770 2537 838 2590 Cae-

236 2619 289 2678 sar?
306 2618 420 2687 deinde,
434 2616 541 2694 quaesit
552 2621 696 2676 suiioritas
706 2619 776 2694 ejus,
790 2621 838 2696 qui

237 2705 261 2763 se
273 2707 387 2763 alterius
401 2703 485 2773 faiio,
503 2725 560 2762 non
574 2702 620 2762 suo
635 2704 778 2764 defendat?
791 2706 837 2762 de-

238 2791 529 2865 indeserumpetenim
538 2790 778 2868 aliquandoexme
787 2811 835 2847 vc·

241 2896 269 2933 ra
283 2896 350 2947 vox,
362 2891 392 2934 et
403 2875 490 2933 dicam
502 2876 559 2933 fine
575 2880 747 2936 cuniiatione
763 2875 839 2953 quod

239 2960 342 3038 sentio)
354 2961 374 3018 st
383 2961 442 3036 jam
457 2961 607 3020 violentior
619 2964 710 3040 aliqua
723 2964 749 3018 in
764 2983 792 3018 re
805 2967 837 3017 C.

242 3046 336 3104 Caesar
344 3044 444 3120 suisset,
458 3047 546 3105 sseum
554 3050 840 3125 magnitudoconten·

242 3135 338 3206 tionis,
357 3132 472 3191 studium
491 3131 603 3208 gloriae,
628 3133 765 3211 praestans
782 3132 842 3184 ani-

241 3240 312 3288 mus,
324 3218 603 3280 exceliensnobiiitas
612 3221 709 3307 aliquo
724 3214 857 3303 imquiui·

234 3304 395 3376 scnquodr'n
404 3306 455 3365 iiio
465 3310 530 3370 viro
538 3331 569 3374 et
584 3333 651 3383 tuns
661 3309 892 3409 serendumeiq·

510 3410 539 3464 Λ
571 3414 594 3475 6

821 3463 831 3480 ’
871 3510 889 3593 t
