2234 4175
290 950 347 1026 ²84
456 951 733 1008 orituro

288 1048 896 1131 unicouservntoremjudioebant‚servomni

287 1141 372 1200 ermis
381 1140 596 1200 exterminavit:
609 1159 683 1213 eum,
698 1141 843 1220 quiregnr
849 1139 897 1202 de·

288 1224 894 1305 dit‚ademit;·orbemterrrrum,qnibuscun

269 1359 271 1363 -
288 1312 391 1388 voluit,
401 1314 518 1393 pectitur
528 1310 584 1374 este
595 1333 670 1387 enm,
691 1314 752 1392 qui,
764 1312 893 1392 plurimi·

287 1399 417 1460 eredibue
428 1400 459 1458 in
472 1397 637 1473 ἱοτοῐιᾶἱι,
648 1398 777 1475 ungulari
788 1400 893 1460 virtute

287 1500 318 1546 et
323 1485 412 1562 glorie
418 1487 507 1546 civem
514 1482 628 1546 domum
636 1487 701 1546 vie't
713 1485 798 1544 ermis
807 1499 893 1546 'cotu-

288 1572 375 1653 pulitt
389 1591 463 1646 eum,
473 1571 519 1632 eui
528 1571 599 1632 nihil
614 1590 736 1652 unquun
752 1569 895 1632 nefrrfuit

288 1655 894 1736 necinfteinore,necinlibidiueteum,qni

288 1743 383 1805 eedem
392 1746 583 1824 Nympharum
595 1742 730 1817 incendit,
744 1758 776 1801 ut
787 1763 894 1808 memor

290 1832 360 1904 riam
377 1833 514 1911 publicam
527 1830 703 1903 recensionis,
715 1829 814 1888 tabulis
823 1831 892 1908 pub·

289 1918 350 1979 licis
359 1917 521 1998 impressam,
533 1921 724 1995 extingueret:
737 1937 801 1976 eum
812 1916 891 1976 deni·

289 2024 356 2083 que,
368 2008 411 2063 cui
420 2006 479 2081 jam
488 2004 564 2063 nulla
571 2004 617 2063 lex
628 2019 698 2076 erat,
707 2003 891 2063 nullumcivi·

289 2091 315 2151 le
328 2093 387 2169 jus,
404 2092 472 2151 nulli
491 2090 680 2169 posseffionum
694 2093 819 2150 termini:
843 2091 891 2170 qui

289 2198 350 2237 non
359 2177 604 2251 calumnialitium,
617 2197 676 2235 non
685 2177 792 2248 injustis
801 2176 893 2236 vindi·

290 2265 339 2323 ciis
358 2259 390 2322 ac
404 2262 580 2322 sacramentis
597 2262 702 2322 alienos
714 2262 828 2337 fundos,
849 2260 894 2322 sed

289 2347 393 2424 eastris,
404 2350 538 2421 exercitu,
553 2346 635 2426 fignis
652 2349 803 2407 inferendis
819 2364 894 2424 pete·

290 2437 353 2498 but:
366 2437 415 2516 qui
425 2457 483 2495 nou
492 2434 579 2495 solum
588 2434 731 2509 Etruscos,
745 2432 808 2502 (eos
819 2435 894 2491 cuim

289 2525 401 2604 penitus
411 2521 627 2601 contempserat)
642 2520 687 2581 sed
697 2525 771 2579 hunc
785 2529 822 2596 Q.
835 2527 893 2579 Va-

290 2611 374 2681 rium,
387 2611 477 2666 virum
485 2609 658 2668 fortissumum
667 2623 749 2685 atque
758 2610 895 2686 optimum

290 2694 518 2770 civem‚judicem
534 2692 668 2766 nostrum,
684 2693 784 2772 pellere
793 2690 893 2769 posses·
934 2722 939 2735 ·

290 2779 423 2852 sionibus,
443 2782 526 2838 armis
543 2777 687 2855 castrisque
702 2793 819 2836 conatus
838 2776 892 2837 est:

291 2868 340 2948 qui
354 2886 415 2926 cum
424 2868 613 2923 architesiiset
624 2862 796 2940 decempedis
812 2863 895 2922 villas

292 2952 455 3024 multorum,
475 2951 625 3028 hortosque
637 2951 818 3028 peragrabate
846 2951 896 3028 qui

292 3040 420 3119 Janiculo
438 3055 466 3097 et
484 3037 598 3119 Alpibus
612 3035 685 3117 spem
705 3033 896 3116 possessionum

292 3129 458 3191 terminabat
469 3125 575 3186 suarum
587 3148 595 3184 ε
608 3127 668 3204 qui,
680 3144 744 3182 cum
761 3125 794 3182 ab
803 3126 894 3204 equite

284 3221 422 3278 Romano
440 3212 649 3299 splendidissimo
658 3210 839 3282 etsortiviro,
852 3213 891 3266 T.

274 3307 426 3391 PacuviO,
445 3291 913 3392 nontnperntiomtmiuumu
