2234 4175
361 1114 509 1175 eruut.
527 1112 753 1173 rosruuro.
807 1128 863 1196 209

257 1231 363 1294 tutem,
384 1233 414 1279 et
431 1217 570 1279 credendo
587 1217 712 1297 proceffit
730 1218 865 1297 longius:

258 1325 311 1363 nec
322 1303 396 1365 suam
415 1303 502 1365 solum
514 1306 660 1383 pecuniam
671 1306 797 1378 credidit,
815 1306 861 1368 sed

257 1393 341 1451 etiam
352 1393 517 1451 amicorum:
530 1390 627 1449 stulte:
640 1391 702 1469 quia
715 1376 863 1469 iegat?aut

260 1478 388 1555 quiajam
396 1497 456 1537 non
466 1477 612 1535 admonet?
624 1476 701 1554 quod
711 1478 784 1536 male
792 1482 862 1538 ceci·

232 1562 395 1636 tdit,bene
413 1561 569 1622 consultum
589 1578 708 1642 putaret.
775 1564 808 1622 Id
823 1563 862 1624 est

260 1649 382 1723 difficile,
393 1648 469 1728 quod
481 1670 543 1708 cum
552 1647 597 1727 spe
605 1670 704 1725 magna
716 1648 748 1708 fis
757 1650 862 1728 ingres·

259 1734 315 1808 sua,
328 1736 356 1794 id
365 1756 424 1794 non
435 1736 535 1812 exequi
547 1733 632 1813 usque
647 1735 680 1793 ad
692 1751 861 1798 extremum.

258 1820 375 1900 supplex
385 1837 519 1880 tratrexe
532 1821 618 1878 multa
627 1824 754 1897 rogabat:
767 1826 862 1883 omnia

259 1907 456 1987 pollicebatur:
469 1922 500 1964 ut
509 1907 567 1982 jam
583 1906 705 1965 metuere
719 1906 861 1966 Postumus

259 2010 415 2070 cogeretur,
430 2013 477 2064 ne,
492 1992 568 2070 quod
582 1992 744 2065 crediderat,
765 1994 861 2071 perde·

261 2096 315 2152 tet,
326 2078 481 2140 ficredendi
489 2076 669 2137 constituisset
679 2077 802 2139 modum.
816 2083 861 2139 ni·

261 2164 861 2239 hilautemeratilloblundiusmihilhucbe-

262 2252 393 2329 nignius:
413 2267 444 2311 ut
455 2254 543 2327 magis
563 2254 717 2331 poeniteret
735 2252 861 2332 coepiffrr,

260 2359 343 2417 quam
352 2340 445 2399 liceret
457 2337 587 2398 defistere.
611 2340 860 2418 hincprimumex-

261 2423 553 2484 oriturcrimenillud:
570 2423 691 2485 senatum
700 2443 861 2506 corruptum

260 2510 427 2571 ciledicunt.
451 2510 520 2572 odii
534 2513 718 2570 immortales!
745 2514 811 2571 haec
823 2513 861 2573 est

261 2596 307 2655 illa
321 2615 451 2677 exoptata
460 2597 628 2673 judiciorum
643 2596 785 2655 severitas?
798 2620 862 2657 cor·

262 2700 390 2760 ruptores
400 2682 486 2742 nostri
494 2681 720 2741 causamdicunt:
733 2703 798 2754 nos,
814 2686 863 2762 qui

262 2773 386 2847 corrupti
399 2769 501 2844 sumus,
517 2789 577 2827 non
589 2768 715 2827 dicimus.
740 2770 807 2848 quid
819 2790 863 2828 er·

262 2858 313 2932 go?
337 2854 457 2915 serratum
467 2855 609 2913 defendam
629 2858 683 2914 hoc
697 2854 772 2931 loco,
785 2858 863 2931 Jucli·

263 2946 323 3002 ces?
337 2946 414 3002 omni
431 2941 558 3020 equidem
575 2943 639 3000 loco
654 2942 757 3001 debeor
773 2945 812 3002 ita
828 2944 863 3003 de
883 3014 886 3022 Ι

262 3028 351 3087 maest
359 3032 472 3088 meritus
480 3027 525 3085 ille
533 3027 615 3086 ordo:
625 3026 669 3086 sed
677 3029 705 3086 id
714 3050 764 3089 nec
772 3032 863 3105 agitur

262 3119 460 3194 hoctempore‚
471 3134 594 3174 naccum
603 3112 721 3173 Postumi
733 3114 810 3172 causa
819 3135 862 3173 res

263 3199 311 3260 ista
318 3202 466 3277 conjuncta
481 3200 527 3257 est.
551 3219 711 3277 quanquam
726 3199 760 3258 ad
772 3198 862 3279 sump-

229 3343 232 3350 .
263 3304 323 3347 tum
332 3284 805 3361 itineris‚adillummagnificentium
814 3307 862 3364 ap·

260 3388 389 3454 paratus,
399 3372 619 3449 comitatumque
627 3368 876 3445 regiumiuqqedx-

255 3442 898 3546 rarapecuniaatouumocuuauaemtluu
