2234 4175
398 1080 438 1151 Q.
463 1076 721 1138 mcum·
796 1078 849 1155 361

253 1178 535 1259 itiamcitiusabjiciet
544 1182 754 1259 humanitatem,
766 1185 851 1262 quim

227 1269 526 1347 seniorquebittuam.
581 1273 625 1329 Ac
636 1267 740 1350 primun
750 1268 856 1346 editus,

205 1360 215 1399 Ι
254 1371 284 1416 et
305 1352 450 1435 postulatio
462 1355 643 1431 Tuberonis,
655 1357 733 1429 haec,
745 1368 776 1413 ut
791 1360 855 1436 opi·

254 1461 320 1517 nor,
335 1440 399 1517 fuit,
417 1440 487 1501 velle
503 1439 530 1500 se
543 1440 578 1498 de
589 1448 626 1515 Q.
640 1442 745 1518 Ligarii
754 1438 856 1503 sceiere

253 1527 355 1589 dicere.
379 1548 439 1586 nun
447 1525 558 1600 dubito,
569 1528 639 1603 quin
651 1526 854 1603 admiratusfiu,

253 1614 301 1675 vel
320 1612 398 1693 quud
414 1613 449 1671 de
466 1611 546 1672 nullo
562 1610 618 1671 alio
636 1609 791 1693 quisquam,
810 1615 856 1675 vei

254 1700 333 1779 quud
345 1701 380 1772 is,
392 1699 482 1775 quiin
497 1696 593 1757 eadem
604 1697 682 1758 causa
696 1698 796 1776 suiiset,
810 1702 858 1763 vel

255 1786 324 1865 quid
333 1785 401 1843 novi
411 1782 544 1843 facinoris
552 1782 672 1844 afferren
685 1784 772 1846 scelus
784 1801 813 1847 tu
822 1788 858 1847 ii·

256 1869 305 1931 lud
317 1890 415 1944 vocas,
426 1870 542 1929 Tubero
553 1870 565 1929 i
576 1871 641 1929 cur?
658 1870 708 1932 isto
718 1874 793 1933 enim
804 1892 858 1934 nu·

258 1957 334 2017 mine
353 1955 399 2016 illa
418 1956 507 2016 adhuc
526 1955 605 2016 causa
624 1959 722 2017 caruit.
751 1959 796 2018 alii
815 1981 859 2020 er·

256 2061 349 2103 rorem
363 2042 521 2123 appeliant:
537 2040 584 2103 alii
596 2044 738 2104 timorem:
753 2048 800 2125 qui
809 2047 860 2109 dn·

258 2130 328 2202 rius,
347 2128 431 2208 spem,
454 2129 642 2209 cupiditatem,
662 2131 773 2206 odium,
796 2155 859 2214 per·

258 2214 407 2273 tinaciame
424 2217 472 2294 qui
486 2216 649 2293 gravissime‚
664 2219 860 2281 temeritateme

259 2298 357 2374 scelus,
373 2318 478 2380 praeter
490 2317 528 2376 te,
540 2304 628 2362 adhuc
640 2324 734 2364 nemo.
758 2327 790 2366 ac
807 2310 861 2368 mi·

259 2387 288 2446 hi
305 2387 425 2466 quidem,
449 2385 469 2446 fi
488 2391 631 2468 proprium
650 2406 679 2449 et
693 2412 788 2452 verum
807 2416 862 2455 no·

259 2492 326 2533 men
339 2473 424 2533 nostri
434 2474 498 2534 maii
511 2492 667 2553 quaeratur,
677 2477 768 2539 fatalis
777 2501 862 2560 quae·

261 2557 326 2618 dum
339 2561 476 2621 calamitas
496 2561 619 2621 incidisse
638 2563 757 2639 videtur,
771 2582 799 2625 et
811 2568 864 2625 im·

261 2647 392 2723 providas
407 2648 551 2705 hominum
563 2643 669 2706 mentes
681 2651 864 2730 occupaviffee

262 2748 294 2788 ut
307 2751 390 2789 numo
402 2733 492 2790 mirari
508 2732 615 2806 debeat,
626 2735 866 2799 humanaconfilia

263 2815 360 2876 divini
369 2817 520 2876 neceffnate
531 2816 583 2877 effe
590 2816 721 2898 superata.
735 2821 816 2884 licent
824 2824 865 2885 es·

264 2901 291 2963 se
307 2902 430 2974 miserus,
450 2923 609 2983 quanquam
626 2909 680 2966 hoc
696 2910 801 2970 vifiore
814 2911 867 2973 effe

264 2987 865 3072 nunpoiiumus.sednonloquordenobise

265 3075 868 3154 deiliisloquor,qniocciderunt.fuerintcu·

266 3164 336 3240 pidi,
360 3161 466 3220 fuerint
480 3164 556 3236 irati,
582 3164 685 3223 fuerint
697 3167 868 3243 pertinaces:

269 3245 378 3307 sceleris
391 3267 461 3304 vcro
473 3250 599 3322 crimine,
619 3249 733 3324 suroris,
755 3254 871 3329 parrici-

269 3333 318 3402 dii,
333 3332 412 3389 liccat
429 3339 484 3391 Cn.
503 3335 636 3413 Pompeio
652 3350 780 3408 mortun,
791 3337 883 3392 iim

265 3418 364 3482 multis
374 3417 742 3502 aiiiscutetequuniunue.
751 3414 890 3491 ἣὶκῖψῑ

406 3517 427 3555 “
591 3515 639 3584 Q„
