2234 4175
372 610 709 721 ruurrsouuu.
799 678 852 740 υς

248 764 610 845 sociumfibieredjutorern
619 760 797 826 C.Caesurem
806 767 855 827 ad-

246 856 356 935 junxit.
362 854 420 931 jem
428 853 564 927 vider,me
572 854 621 913 tibi
630 871 689 910 non
700 853 854 931 inimicum,

251 940 298 1003 sed
311 940 431 1015 bossem3
451 938 519 1015 illie,
543 960 616 1021 quor
635 937 779 1016 describis,
794 962 855 1000 non

248 1026 336 1091 modu
343 1048 403 1088 non
412 1026 571 1102 iratum,sed
578 1029 661 1087 etium
673 1027 791 1087 amicum
800 1025 853 1086 esse

246 1114 361 1176 debere?
373 1134 492 1196 quorum
504 1113 585 1189 alter,
594 1114 623 1175 id
632 1112 708 1193 quod
719 1117 854 1177 memine-

247 1222 282 1262 ro
293 1200 408 1282 semper,
419 1220 506 1282 aeque
516 1201 644 1261 mihifuir
652 1202 767 1277 amicus,
780 1223 811 1262 ae
819 1198 855 1261 fi·

248 1290 295 1348 bi:
311 1289 391 1363 alter,
406 1290 434 1349 id
443 1288 519 1370 quod
532 1288 678 1349 obliviscar
689 1287 852 1367 aliquando,

247 1372 296 1435 fibi
306 1378 433 1449 amicior,
443 1394 525 1456 quam
535 1377 614 1435 mibi.
637 1374 738 1435 deinde
752 1378 805 1437 boc
817 1377 856 1435 ira

248 1458 293 1537 fit,
304 1478 336 1520 ut
351 1464 403 1521 viri
414 1462 513 1535 fortes,
532 1458 635 1520 etiamsi
649 1458 725 1520 ferro
743 1463 816 1522 inrer
828 1459 855 1531 se

248 1551 379 1608 eominus
394 1548 573 1623 decertarint,
592 1562 684 1605 tamen
704 1544 772 1606 illud
784 1568 855 1608 eon·

247 1636 387 1692 irmionis
399 1634 495 1693 odium
510 1631 587 1691 simul
604 1652 666 1692 cum
678 1630 733 1712 ἱρῇ
750 1654 854 1714 pugna,

248 1716 387 1795 armisque
405 1734 523 1799 ponant.
546 1720 626 1799 utqui
649 1738 694 1778 me
704 1718 750 1778 ilie
769 1718 854 1780 odisse

248 1824 393 1885 nunquam
410 1809 511 1884 potuit,
532 1826 570 1865 ne
585 1823 644 1867 tum
656 1806 777 1885 quidem,
789 1828 853 1869 cum

245 1892 446 1954 diffidebamus.
471 1896 552 1954 haber
567 1898 621 1955 hoc
637 1897 737 1971 virtus,
753 1895 853 1976 (quum

245 1995 277 2039 tu
286 2000 322 2040 ne
334 1980 368 2039 de
378 1979 448 2041 faeie
454 1982 566 2059 quidem
575 1980 662 2059 no'sii)
670 1996 701 2040 ur
707 1985 785 2043 viros
794 1983 852 2044 sor·

247 2081 289 2126 tes
298 2065 479 2148 speciesque,
491 2084 518 2129 et
530 2068 707 2150 puscbritudo
720 2072 803 2129 eriam
820 2073 852 2130 in

210 2153 551 2232 33hosiepositadeie6tet.
619 2155 754 2234 Equidem
762 2156 852 2215 dicam

248 2243 400 2314 exanimo,
413 2247 505 2297 Patres
521 2237 683 2320 cpnscripti,
701 2240 778 2320 quod
790 2239 851 2300 sen·

248 2326 302 2400 tio,
311 2339 338 2383 et
347 2324 424 2404 quod
431 2326 513 2384 vobis
523 2324 699 2384 audientibus
710 2325 852 2408 saepejam

247 2411 318 2471 ebrii.
339 2409 433 2470 srmibi
442 2431 584 2492 nunquam
594 2414 696 2473 amicus
710 2420 744 2475 C.
754 2413 852 2474 Caesar

246 2495 348 2575 suisset,
363 2495 407 2558 sed
423 2495 527 2582 semper
538 2502 640 2558 iratus:
661 2498 850 2580 fiaspernare·

250 2599 296 2644 tur
306 2588 452 2646 amicitiam
463 2586 674 2667 meam,seseque
681 2589 748 2647 mihi
756 2589 854 2667 impla·

246 2673 374 2748 rabilem,
387 2673 636 2753 inexpiabilemque
645 2677 796 2752 praeberet,
810 2690 852 2732 ta·

249 2760 358 2830 menei,
371 2779 433 2816 cum
442 2774 586 2818 tantasres
598 2758 720 2837 g'effisset,
733 2776 852 2836 gereret·

249 2860 304 2919 que
323 2843 459 2920 quotidie,
470 2865 530 2904 non
542 2847 645 2903 amicus
658 2844 709 2903 esse
720 2867 779 2904 non
788 2846 846 2926 pos
842 2861 855 2892 ·'

250 2928 316 2987 sem.
329 2930 468 3009 cujusego
476 2933 593 3013 imperio
601 2951 664 2991 nou
679 2931 862 3013 bipiumuub-

237 3013 298 3072 lum
310 3031 412 3077 contra
427 3016 598 3082 adscensum
611 3018 888 3104 trunigrebiunm'·

524 3117 554 3175 K
585 3136 609 3195 4
