2234 4175
387 954 469 1013 ruo
487 949 679 1011 urtone.
781 947 835 1020 267

229 1054 491 1137 attaminatum
508 1052 617 1118 facinus
628 1068 835 1136 rpprnperatet,

233 1160 381 1227 nunquan
395 1140 553 1222 reliquiliet.
575 1160 643 1219 ergo
653 1140 695 1203 illi
707 1163 743 1204 ne
758 1140 838 1204 cunsr

236 1233 348 1316 quidem
363 1231 486 1304 itineris,
499 1230 584 1291 curm
599 1226 680 1309 eruit
695 1228 838 1291 tnrnendir

236 1319 342 1383 Miloni
351 1317 486 1381 manendi
497 1314 575 1379 null·
584 1312 712 1392 frculm,
733 1336 840 1377 exeun·

232 1405 333 1471 <iinon
345 1402 425 1467 cause
435 1402 537 1477 solum,
550 1399 595 1465 sed
606 1404 688 1463 etium
700 1403 840 1465 neoeffitnr

235 1492 301 1559 fuit.
324 1490 405 1571 quid,
418 1487 635 1567 fi,utillescivit,
650 1489 786 1551 Milonem
795 1489 842 1550 fo·

237 1573 513 1653 reeodieinvir,sst
524 1572 655 1644 Clodium
663 1575 844 1640 Milonesus·

238 1666 327 1750 picari
338 1663 451 1744 quidem
467 1663 574 1742 potuit?
591 1661 711 1742 primurn
725 1682 842 1742 qurero,

239 1755 291 1835 qui
299 1750 368 1815 scite
374 1749 508 1832 potuerite
515 1747 593 1828 quod
600 1768 653 1809 vor
661 1747 732 1809 idem
740 1752 769 1809 in
778 1750 847 1811 clo·

242 1841 292 1903 uio
303 1857 434 1918 quaerere
445 1846 506 1897 non
522 1833 648 1914 potestis.
670 1848 703 1893 ut
714 1837 787 1894 enim
797 1856 846 1895 ne·

243 1927 349 1987 minem
357 1923 454 1997 aliurn,
468 1919 518 1983 nii}
526 1927 567 1982 Τ.
581 1921 718 1994 Patinnm,
732 1920 848 1983 familia-

246 2011 376 2071 rissimum
395 2007 484 2083 suum,
508 2004 638 2086 rogrilet,
657 2005 725 2069 scire
744 2011 848 2091 potuit,

246 2096 295 2158 illo
304 2094 364 2178 ipso
377 2095 421 2157 die
429 2097 574 2156 Lanuviiu
586 2093 720 2172 ditintore
739 2097 849 2157 Milone

247 2183 329 2265 prodi
346 2184 483 2246 flaminem
502 2181 606 2243 neceile
624 2180 685 2242 effe.
709 2182 754 2243 sed
770 2198 851 2244 erant

247 2271 377 2353 permulti
388 2271 444 2344 ulii,
456 2289 492 2330 ex
507 2270 608 2353 quibus
620 2268 649 2330 id
658 2268 788 2330 frcillinre
798 2270 852 2332 sci·

248 2354 610 2439 repolietzomnerseilicet
619 2358 772 2417 Lanuvini.
796 2358 852 2415 Mi·

250 2443 323 2506 lode
331 2444 424 2504 Clodii
433 2443 522 2504 reditu
530 2441 605 2502 unde
612 2440 760 2519 quaefivit?
769 2461 853 2520 quae·

252 2528 325 2591 [ierit
340 2527 415 2588 sane.
437 2527 540 2603 uidete,
564 2527 631 2607 quid
651 2527 853 2607 vobirlnrgiur.

252 2614 463 2690 servumetiam,
478 2629 510 2674 ut
523 2616 634 2689 Arrius,
648 2634 726 2674 meur
738 2619 854 2693 amicus,

253 2702 337 2777 dixit,
357 2703 522 2782 corruperit.
547 2700 629 2780 legite
643 2699 800 2763 testimonia
814 2719 855 2764 te·

254 2789 334 2852 stium
343 2788 505 2855 vestrorum.
514 2787 630 2848 dixitC.
644 2787 857 2869 Caffinius,cog'·

255 2892 392 2939 nomento
411 2875 520 2951 Schola,
541 2878 722 2949 interamnis,
741 2876 858 2935 familia·

257 2962 373 3024 tiffnnuu
384 2963 596 3036 etidrtncomer
613 2969 645 3022 P.
655 2962 762 3020 Clodii:
777 2964 858 3038 cujus

254 3049 422 3126 jampridem
442 3047 600 3109 testimonio
624 3045 740 3106 Clodius
764 3049 860 3107 eidem

258 3135 328 3193 hori
336 3140 507 3194 Interamnae
513 3134 862 3208 fuerntetRomae,P.Clo·

259 3220 335 3282 dium
349 3219 399 3278 ilio
411 3220 454 3280 die
465 3223 497 3280 in
510 3221 627 3281 Albano
638 3215 884 3281 manumetten-

249 3304 298 3366 ἡ·
313 3304 361 3368 sed
371 3304 469 3373 subito
480 3312 507 3373 ei
518 3309 579 3372 elle
585 3311 784 3381 nuntiatum,
792 3308 884 3379 ΩΨ·

532 3406 575 3465 Μ
601 3419 625 3464 2
