2234 4175
383 636 686 711 'nouruouru
787 664 841 723 ,ῃ

252 750 434 815 bullantium.
456 758 569 815 trivero
581 753 662 813 obliti
677 750 749 826 estis,
762 753 842 829 Judi·

241 861 298 916 cea,
310 842 412 899 recenti
420 839 470 899 illo
481 843 584 901 nuntio
595 842 671 900 ne'ciu
680 838 842 915 Clodianae,

241 927 394 987 aonmodo
409 928 585 987 inimicorum
605 925 723 986 Milonis
738 924 842 986 senno·

241 1011 542 1094 neretupiuiouea‚setl
550 1013 751 1073 nonnullorum
759 1015 843 1075 etiam

238 1101 587 1181 imperitorumiuegabant
594 1120 655 1161 eum
665 1106 782 1161 Rumam
790 1098 844 1159 elle

239 1187 403 1249 rediturum.
425 1185 480 1248 live
491 1188 566 1247 enim
580 1185 650 1247 illud
662 1188 756 1247 animo
768 1187 842 1247 irato

240 1295 273 1335 ac
283 1274 390 1352 percito
399 1273 511 1349 fecisset,
523 1288 553 1334 ut
565 1271 691 1334 incensus
707 1273 775 1333 odio
783 1287 843 1332 tru-

239 1359 345 1421 cidaret
358 1363 520 1433 inimicume
543 1362 759 1434 arbitrabantur,
780 1379 843 1420 eum

238 1448 311 1508 tanti
318 1463 436 1508 mortem
444 1454 479 1507 P.
487 1445 581 1506 Clodii
590 1444 703 1527 putulle,
715 1462 844 1524 utaequa

241 1534 336 1596 auimo
343 1535 432 1616 patrii
440 1547 557 1608 careret,
571 1553 635 1593 cum
645 1531 776 1609 sanguine
790 1532 845 1590 ini·

240 1620 308 1685 mici
320 1618 451 1700 expless'et
464 1618 559 1679 odium
579 1615 673 1679 suum:
692 1616 747 1678 lire
761 1619 845 1679 etiant

241 1704 314 1767 illius
333 1721 425 1767 morte
442 1706 557 1786 patriam
571 1704 686 1767 liberare
705 1702 844 1779 voluillet,

242 1812 304 1854 non
318 1793 503 1853 dubitaturum
516 1792 619 1853 fortem
637 1795 740 1867 virum,
762 1791 844 1870 quin,

241 1900 304 1941 curn
315 1878 364 1940 suo
375 1880 497 1961 periculo
505 1876 618 1941 salutem
629 1879 793 1962 reipublicae
802 1891 846 1937 at·

241 1966 354 2042 ululet,
377 1966 485 2027 cederet
500 1986 590 2048 aequo
605 1970 701 2028 animo
721 1965 842 2043 legibus,

241 2052 331 2117 secum
350 2053 468 2116 auferret
489 2056 607 2134 gloriam
629 2052 841 2136 sempiternam,

242 2143 396 2202 uobiabaec
404 2141 520 2202 fruenda
531 2142 709 2219 relinqueret,
720 2157 789 2217 quae
800 2140 845 2214 ip·

242 2224 411 2288 sesetvall'et.
435 2226 514 2286 multi
526 2229 608 2286 etiam
626 2225 789 2298 Catilinam,
800 2237 845 2282 at·

243 2333 298 2394 que
312 2312 360 2374 illa
372 2328 503 2394 portenta
520 2312 726 2391 loquebantura
753 2330 846 2372 crum·

244 2415 302 2483 pet,
324 2402 469 2481 occupabit
483 2399 603 2479 aliquem
618 2399 722 2474 locum,
746 2396 847 2458 bellum

245 2490 348 2570 pattiae
366 2486 458 2548 faciet.
481 2485 594 2548 miseros
606 2485 744 2547 interdum
761 2487 847 2558 cives,

245 2578 351 2655 optime
364 2574 398 2634 de
411 2574 547 2655 republica
562 2576 687 2634 meritos!
701 2575 731 2632 in
747 2573 848 2649 quibus

245 2663 372 2722 homines
387 2682 449 2722 non
461 2661 546 2722 modo
562 2682 604 2720 res
623 2656 846 2738 praeclarillrmas

245 2746 455 2820 obliviscuntur,
466 2746 510 2808 se'd
525 2750 608 2807 etiarn
624 2743 741 2806 nefarias
762 2739 845 2821 suspi-

246 2847 355 2892 cantur.
365 2830 693 2910 ergoillafalsaluerunr:
707 2849 778 2907 quae
787 2846 849 2887 cer·

246 2936 273 2979 re
281 2939 345 2978 vera
352 2916 517 2994 extitilleut,
530 2918 554 2979 lt
563 2918 639 2980 lllulu
649 2910 862 2976 attribuatur-

235 3005 318 3088 quid,
333 3007 415 3092 quod
424 3031 492 3076 non
501 3006 598 3097 pollet
607 3000 904 3078 uuueumeuua,
913 3035 933 3130 1
