2234 4175
259 949 316 1011 370
389 929 716 986 orrrrorro

261 1035 385 1116 omnium
395 1030 568 1107 moestitiam,
580 1047 607 1091 et
619 1030 757 1092 dolorem.
780 1031 861 1107 hujus

262 1130 305 1182 T.
315 1120 444 1194 Brocchi,
454 1118 488 1180 de
498 1139 557 1198 quo
565 1139 624 1179 non
633 1119 731 1179 dubito
740 1117 862 1198 quidex·

262 1207 377 1282 issimes,
391 1206 539 1285 lacrymas,
551 1205 762 1284 squaloremque
769 1202 862 1285 ipfiur,

263 1311 294 1356 er
312 1293 362 1354 filii
371 1294 459 1356 vides.
481 1293 595 1373 quidde
610 1291 738 1352 frutribus
751 1291 860 1354 dicam?

263 1381 336 1456 noli,
348 1379 455 1452 Caesar,
466 1396 563 1460 putare
572 1379 609 1440 de
620 1382 702 1438 unius
710 1381 861 1458 capitenos

262 1487 354 1542 agere.
378 1481 493 1527 austres
506 1468 554 1526 tibi
567 1468 670 1543 Ligarii
683 1463 821 1526 retinendi
833 1466 862 1525 in

261 1555 373 1616 civitate
385 1550 458 1625 sunt,
470 1567 516 1610 aur
528 1567 585 1611 tres
596 1573 631 1611 ex
647 1553 759 1612 civitate
771 1568 861 1612 exter·

260 1638 398 1706 minandi.
420 1637 542 1718 quodvis
553 1638 665 1698 exilium
681 1638 769 1698 his-cst
782 1655 861 1719 optu-

262 1728 329 1800 rius,
346 1746 428 1805 quam
439 1727 537 1806 petria,
553 1746 635 1804 quam
650 1724 763 1794 domus,
781 1746 863 1804 quam

262 1814 300 1873 dii
309 1829 432 1894 penates,
444 1834 501 1871 uno
514 1813 711 1872 iiioexulante.
737 1811 862 1871 fifratcr-

261 1900 339 1976 ne,s1
352 1903 406 1980 pie,
419 1899 438 1959 fi
453 1899 625 1958 cumdolore
637 1898 754 1970 faciunt,
767 1919 862 1957 move·

261 2006 310 2046 ant
323 2002 349 2046 te
361 1991 459 2046 horum
469 1986 616 2065 lacrymae,
637 2001 747 2051 moveat
764 1989 862 2065 pictus,

260 2091 373 2136 moveat
381 2076 545 2152 germanitas
557 2098 564 2133 ε
577 2073 666 2133 valeat
676 2090 726 2133 tua
737 2094 795 2133 vox
805 2072 860 2147 illu,

260 2183 331 2239 quae
346 2164 423 2221 vicit.
448 2178 475 2221 te
487 2164 559 2221 enim
573 2161 662 2220 dicere
673 2161 862 2235 audiebamus,

261 2254 335 2319 Nos,
343 2267 441 2305 omnes
451 2246 619 2307 adversarios
636 2265 741 2328 putare,
755 2245 804 2305 nisi
814 2249 862 2325 qui

259 2331 510 2393 nobiscumeffent:
529 2348 568 2408 te,
576 2353 686 2408 omnes,
702 2336 748 2412 qui
761 2349 862 2393 contra

259 2436 286 2479 re
298 2438 355 2479 non
368 2419 463 2495 essent,
476 2435 551 2480 tuos.
571 2420 682 2480 videsne
695 2423 778 2496 igitur
787 2423 861 2485 hunc

262 2506 446 2587 splendorem,
459 2530 571 2569 omnem
588 2511 660 2570 hanc
673 2510 862 2568 Brocchorum

256 2594 382 2668 domum,
402 2598 476 2653 hunc
492 2603 526 2653 L.
545 2598 691 2666 Marcium,
714 2601 748 2652 C.
765 2591 860 2651 Caese-

256 2682 338 2754 tium,
353 2687 387 2740 L.
406 2678 568 2756 Corfidium‚
583 2680 663 2740 hosce
676 2681 860 2759 omnesequi·

256 2780 298 2825 tes
310 2771 465 2842 Romanos,
481 2769 528 2845 qui
542 2766 638 2827 adsum
651 2766 722 2826 veste
742 2781 859 2841 mutata,

255 2872 316 2913 non
325 2849 411 2912 solum
421 2869 505 2912 notos
520 2856 581 2925 tibi,
593 2855 780 2913 verumetiam
794 2873 859 2932 pro-

254 2940 335 3000 batos
348 2941 436 3010 viros,
448 2941 497 3018 qui
514 2955 605 3001 recum
616 2938 728 2999 fuerunt
741 2942 751 2996 ἓ
776 2956 861 3017 atque

253 3027 297 3085 his
305 3028 424 3086 maxime
432 3023 621 3100 irascebamur,
634 3042 661 3087 er
671 3030 724 3087 hos
734 3028 859 3105 require·

252 3113 360 3186 bemus,
375 3128 401 3172 et
414 3115 457 3175 his
466 3113 597 3175 nonnulli
610 3117 692 3175 etism
711 3115 858 3173 minaban-

248 3197 532 3283 turconseruaig'uur
541 3205 598 3261 mis
605 3197 685 3261 suos:
705 3214 746 3273 ut,
763 3221 859 3280 quem·

240 3289 411 3363 admodum
420 3306 545 3370 caerem,
558 3306 633 3368 quse
641 3282 793 3349 drusum
802 3300 876 3357 m,
