<?xml version="1.0" encoding="UTF-8"?>
<!DOCTYPE html PUBLIC "-//W3C//DTD XHTML 1.0 Transitional//EN"
    "http://www.w3.org/TR/xhtml1/DTD/xhtml1-transitional.dtd">
<html xmlns="http://www.w3.org/1999/xhtml" xml:lang="en" lang="en">
 <head>
  <title>
</title>
<meta http-equiv="Content-Type" content="text/html;charset=utf-8" />
  <meta name='ocr-system' content='tesseract 3.04.00' />
  <meta name='ocr-capabilities' content='ocr_page ocr_carea ocr_par ocr_line ocrx_word'/>
</head>
<body>
  <div class='ocr_page' id='page_1' title='image "./mtulliiciceroni03baitgoog_0241.png"; bbox 0 0 2234 4175; ppageno 0'>
   <div class='ocr_carea' id='block_1_1' title="bbox 384 975 864 1053">
    <p class='ocr_par' dir='ltr' id='par_1_1' title="bbox 384 975 864 1053">
     <span class='ocr_line' id='line_1_1' title="bbox 384 975 864 1053; baseline 0.008 -19"><span class='ocrx_word' id='word_1_1' title='bbox 384 977 486 1035; x_wconf 75' lang='lat' dir='ltr'>tun.</span> <span class='ocrx_word' id='word_1_2' title='bbox 504 975 716 1035; x_wconf 75' lang='lat' dir='ltr'>utsounut.</span> <span class='ocrx_word' id='word_1_3' title='bbox 810 993 864 1053; x_wconf 80' lang='lat'>233</span> 
     </span>
    </p>
   </div>
   <div class='ocr_carea' id='block_1_2' title="bbox 222 1076 904 3407">
    <p class='ocr_par' dir='ltr' id='par_1_2' title="bbox 222 1076 904 3407">
     <span class='ocr_line' id='line_1_2' title="bbox 262 1076 864 1145; baseline -0.007 0"><span class='ocrx_word' id='word_1_4' title='bbox 262 1076 434 1145; x_wconf 69' lang='lat' dir='ltr'>mefititest.</span> <span class='ocrx_word' id='word_1_5' title='bbox 456 1078 864 1141; x_wconf 80' lang='lat' dir='ltr'>edmonebittutemuemotli·</span> 
     </span>
     <span class='ocr_line' id='line_1_3' title="bbox 263 1164 864 1247; baseline 0 -20"><span class='ocrx_word' id='word_1_6' title='bbox 263 1186 312 1243; x_wconf 79' lang='lat' dir='ltr'>ue,</span> <span class='ocrx_word' id='word_1_7' title='bbox 322 1164 372 1227; x_wconf 79' lang='lat' dir='ltr'>niti</span> <span class='ocrx_word' id='word_1_8' title='bbox 388 1164 553 1247; x_wconf 79' lang='lat' dir='ltr'>reipublicae</span> <span class='ocrx_word' id='word_1_9' title='bbox 569 1181 696 1246; x_wconf 74' lang='lat' dir='ltr'>tempus:</span> <span class='ocrx_word' id='word_1_10' title='bbox 710 1167 785 1245; x_wconf 88' lang='lat' dir='ltr'>quod</span> <span class='ocrx_word' id='word_1_11' title='bbox 795 1167 864 1227; x_wconf 87' lang='lat' dir='ltr'>mihi</span> 
     </span>
     <span class='ocr_line' id='line_1_4' title="bbox 264 1252 865 1333; baseline 0 -20"><span class='ocrx_word' id='word_1_12' title='bbox 264 1253 377 1333; x_wconf 81' lang='lat' dir='ltr'>quidem</span> <span class='ocrx_word' id='word_1_13' title='bbox 383 1253 470 1331; x_wconf 73' lang='lat' dir='ltr'>magn</span> <span class='ocrx_word' id='word_1_14' title='bbox 478 1252 599 1327; x_wconf 82' lang='lat' dir='ltr'>uidetur,</span> <span class='ocrx_word' id='word_1_15' title='bbox 611 1268 732 1332; x_wconf 75' lang='lat' dir='ltr'>quantu</span> <span class='ocrx_word' id='word_1_16' title='bbox 741 1273 865 1332; x_wconf 82' lang='lat' dir='ltr'>uuquam</span> 
     </span>
     <span class='ocr_line' id='line_1_5' title="bbox 222 1336 865 1424; baseline 0 -23"><span class='ocrx_word' id='word_1_17' title='bbox 222 1341 462 1424; x_wconf 75' lang='lat' dir='ltr'>39ttbittttutee,</span> <span class='ocrx_word' id='word_1_18' title='bbox 475 1343 707 1418; x_wconf 74' lang='lat' dir='ltr'>appropinquate.</span> <span class='ocrx_word' id='word_1_19' title='bbox 757 1336 865 1418; x_wconf 80' lang='lat' dir='ltr'>Ecquid</span> 
     </span>
     <span class='ocr_line' id='line_1_6' title="bbox 263 1424 865 1505; baseline -0.007 -18"><span class='ocrx_word' id='word_1_20' title='bbox 263 1424 865 1505; x_wconf 71' lang='lat' dir='ltr'>uidet,ecquidsentiu,legejudiciatialatt,</span> 
     </span>
     <span class='ocr_line' id='line_1_7' title="bbox 264 1511 864 1594; baseline -0.003 -21"><span class='ocrx_word' id='word_1_21' title='bbox 264 1511 864 1594; x_wconf 76' lang='lat' dir='ltr'>quotposthacjudiceuiimu&#39;uhtbitutiinon</span> 
     </span>
     <span class='ocr_line' id='line_1_8' title="bbox 264 1595 867 1679; baseline -0.005 -20"><span class='ocrx_word' id='word_1_22' title='bbox 264 1595 867 1679; x_wconf 74' lang='lat' dir='ltr'>tequelegeturquisquitvolueritznec,quis-</span> 
     </span>
     <span class='ocr_line' id='line_1_9' title="bbox 264 1685 868 1766; baseline -0.005 -20"><span class='ocrx_word' id='word_1_23' title='bbox 264 1687 327 1766; x_wconf 85' lang='lat' dir='ltr'>quit</span> <span class='ocrx_word' id='word_1_24' title='bbox 336 1685 469 1760; x_wconf 83' lang='lat' dir='ltr'>noluerit,</span> <span class='ocrx_word' id='word_1_25' title='bbox 480 1704 539 1745; x_wconf 87' lang='lat' dir='ltr'>non</span> <span class='ocrx_word' id='word_1_26' title='bbox 550 1685 667 1764; x_wconf 85' lang='lat' dir='ltr'>legetur.</span> <span class='ocrx_word' id='word_1_27' title='bbox 690 1686 759 1746; x_wconf 84' lang='lat' dir='ltr'>nulii</span> <span class='ocrx_word' id='word_1_28' title='bbox 776 1686 868 1762; x_wconf 86' lang='lat' dir='ltr'>conji-</span> 
     </span>
     <span class='ocr_line' id='line_1_10' title="bbox 262 1771 866 1845; baseline -0.002 -13"><span class='ocrx_word' id='word_1_29' title='bbox 262 1775 372 1833; x_wconf 83' lang='lat' dir='ltr'>cientur</span> <span class='ocrx_word' id='word_1_30' title='bbox 379 1774 410 1831; x_wconf 90' lang='lat' dir='ltr'>in</span> <span class='ocrx_word' id='word_1_31' title='bbox 421 1772 498 1831; x_wconf 86' lang='lat' dir='ltr'>illum</span> <span class='ocrx_word' id='word_1_32' title='bbox 509 1771 646 1845; x_wconf 83' lang='lat' dir='ltr'>ordinem,</span> <span class='ocrx_word' id='word_1_33' title='bbox 663 1772 731 1835; x_wconf 86' lang='lat' dir='ltr'>nulli</span> <span class='ocrx_word' id='word_1_34' title='bbox 742 1775 866 1831; x_wconf 83' lang='lat' dir='ltr'>eximen-</span> 
     </span>
     <span class='ocr_line' id='line_1_11' title="bbox 263 1857 867 1933; baseline -0.003 -14"><span class='ocrx_word' id='word_1_35' title='bbox 263 1872 326 1919; x_wconf 86' lang='lat' dir='ltr'>tur:</span> <span class='ocrx_word' id='word_1_36' title='bbox 342 1878 402 1919; x_wconf 91' lang='lat' dir='ltr'>non</span> <span class='ocrx_word' id='word_1_37' title='bbox 412 1858 528 1933; x_wconf 78' lang='lat' dir='ltr'>ambitio</span> <span class='ocrx_word' id='word_1_38' title='bbox 542 1857 577 1915; x_wconf 78' lang='lat' dir='ltr'>ad</span> <span class='ocrx_word' id='word_1_39' title='bbox 593 1859 721 1933; x_wconf 75' lang='lat' dir='ltr'>gentium,-</span> <span class='ocrx_word' id='word_1_40' title='bbox 735 1878 795 1917; x_wconf 91' lang='lat' dir='ltr'>non</span> <span class='ocrx_word' id='word_1_41' title='bbox 812 1860 867 1917; x_wconf 86' lang='lat' dir='ltr'>ini·</span> 
     </span>
     <span class='ocr_line' id='line_1_12' title="bbox 264 1940 867 2024; baseline -0.003 -21"><span class='ocrx_word' id='word_1_42' title='bbox 264 1946 356 2024; x_wconf 78' lang='lat' dir='ltr'>quitat</span> <span class='ocrx_word' id='word_1_43' title='bbox 364 1944 398 2001; x_wconf 80' lang='lat' dir='ltr'>nd</span> <span class='ocrx_word' id='word_1_44' title='bbox 413 1940 612 2003; x_wconf 81' lang='lat' dir='ltr'>finiuiationem</span> <span class='ocrx_word' id='word_1_45' title='bbox 621 1944 797 2021; x_wconf 84' lang='lat' dir='ltr'>conjicietur.</span> <span class='ocrx_word' id='word_1_46' title='bbox 818 1943 867 2020; x_wconf 86' lang='lat' dir='ltr'>ju·</span> 
     </span>
     <span class='ocr_line' id='line_1_13' title="bbox 265 2027 868 2111; baseline -0.002 -21"><span class='ocrx_word' id='word_1_47' title='bbox 265 2029 340 2090; x_wconf 82' lang='lat' dir='ltr'>dicet</span> <span class='ocrx_word' id='word_1_48' title='bbox 352 2029 517 2108; x_wconf 85' lang='lat' dir='ltr'>judicabunt</span> <span class='ocrx_word' id='word_1_49' title='bbox 536 2031 567 2104; x_wconf 89' lang='lat' dir='ltr'>ii,</span> <span class='ocrx_word' id='word_1_50' title='bbox 578 2050 650 2110; x_wconf 87' lang='lat' dir='ltr'>quot</span> <span class='ocrx_word' id='word_1_51' title='bbox 667 2029 713 2091; x_wconf 81' lang='lat' dir='ltr'>lex</span> <span class='ocrx_word' id='word_1_52' title='bbox 727 2027 795 2111; x_wconf 82' lang='lat' dir='ltr'>ipsa,</span> <span class='ocrx_word' id='word_1_53' title='bbox 807 2050 868 2090; x_wconf 89' lang='lat' dir='ltr'>non</span> 
     </span>
     <span class='ocr_line' id='line_1_14' title="bbox 265 2116 867 2198; baseline 0.003 -22"><span class='ocrx_word' id='word_1_54' title='bbox 265 2136 338 2198; x_wconf 80' lang='lat' dir='ltr'>quos</span> <span class='ocrx_word' id='word_1_55' title='bbox 357 2118 502 2176; x_wconf 86' lang='lat' dir='ltr'>hominum</span> <span class='ocrx_word' id='word_1_56' title='bbox 517 2117 604 2182; x_wconf 88' lang='lat' dir='ltr'>libido</span> <span class='ocrx_word' id='word_1_57' title='bbox 618 2117 759 2196; x_wconf 84' lang='lat' dir='ltr'>deieg&#39;etit.</span> <span class='ocrx_word' id='word_1_58' title='bbox 790 2116 867 2198; x_wconf 84' lang='lat' dir='ltr'>quod</span> 
     </span>
     <span class='ocr_line' id='line_1_15' title="bbox 265 2202 867 2280; baseline -0.002 -16"><span class='ocrx_word' id='word_1_59' title='bbox 265 2206 375 2264; x_wconf 81' lang='lat' dir='ltr'>cunita</span> <span class='ocrx_word' id='word_1_60' title='bbox 384 2202 425 2279; x_wconf 81' lang='lat' dir='ltr'>sut,</span> <span class='ocrx_word' id='word_1_61' title='bbox 438 2204 602 2280; x_wconf 82' lang='lat' dir='ltr'>mihicrede,</span> <span class='ocrx_word' id='word_1_62' title='bbox 616 2208 752 2266; x_wconf 87' lang='lat' dir='ltr'>neminem</span> <span class='ocrx_word' id='word_1_63' title='bbox 762 2207 867 2266; x_wconf 76' lang='lat' dir='ltr'>invitus</span> 
     </span>
     <span class='ocr_line' id='line_1_16' title="bbox 265 2289 868 2371; baseline -0.002 -20"><span class='ocrx_word' id='word_1_64' title='bbox 265 2291 412 2352; x_wconf 79' lang='lat' dir='ltr'>invitabis:</span> <span class='ocrx_word' id='word_1_65' title='bbox 422 2311 464 2349; x_wconf 82' lang='lat' dir='ltr'>teu</span> <span class='ocrx_word' id='word_1_66' title='bbox 472 2289 541 2369; x_wconf 86' lang='lat' dir='ltr'>ipsa,</span> <span class='ocrx_word' id='word_1_67' title='bbox 552 2309 581 2351; x_wconf 92' lang='lat' dir='ltr'>et</span> <span class='ocrx_word' id='word_1_68' title='bbox 590 2292 751 2371; x_wconf 76' lang='lat' dir='ltr'>reipublicae</span> <span class='ocrx_word' id='word_1_69' title='bbox 759 2309 868 2370; x_wconf 77' lang='lat' dir='ltr'>tempus</span> 
     </span>
     <span class='ocr_line' id='line_1_17' title="bbox 265 2375 869 2457; baseline -0.002 -21"><span class='ocrx_word' id='word_1_70' title='bbox 265 2392 314 2436; x_wconf 86' lang='lat' dir='ltr'>aut</span> <span class='ocrx_word' id='word_1_71' title='bbox 329 2397 372 2436; x_wconf 87' lang='lat' dir='ltr'>me</span> <span class='ocrx_word' id='word_1_72' title='bbox 388 2375 486 2457; x_wconf 80' lang='lat' dir='ltr'>ipsum,</span> <span class='ocrx_word' id='word_1_73' title='bbox 507 2379 584 2457; x_wconf 89' lang='lat' dir='ltr'>quod</span> <span class='ocrx_word' id='word_1_74' title='bbox 600 2381 699 2452; x_wconf 87' lang='lat' dir='ltr'>uolitn,</span> <span class='ocrx_word' id='word_1_75' title='bbox 720 2394 768 2437; x_wconf 83' lang='lat' dir='ltr'>aut</span> <span class='ocrx_word' id='word_1_76' title='bbox 784 2379 869 2436; x_wconf 75' lang='lat' dir='ltr'>ulium</span> 
     </span>
     <span class='ocr_line' id='line_1_18' title="bbox 265 2463 869 2542; baseline -0.003 -20"><span class='ocrx_word' id='word_1_77' title='bbox 265 2465 434 2542; x_wconf 85' lang='lat' dir='ltr'>quempiam,</span> <span class='ocrx_word' id='word_1_78' title='bbox 449 2479 497 2521; x_wconf 82' lang='lat' dir='ltr'>aut</span> <span class='ocrx_word' id='word_1_79' title='bbox 503 2465 646 2536; x_wconf 81' lang='lat' dir='ltr'>invitabit,</span> <span class='ocrx_word' id='word_1_80' title='bbox 655 2479 703 2521; x_wconf 81' lang='lat' dir='ltr'>tut</span> <span class='ocrx_word' id='word_1_81' title='bbox 711 2463 869 2521; x_wconf 82' lang='lat' dir='ltr'>dehortabi·</span> 
     </span>
     <span class='ocr_line' id='line_1_19' title="bbox 267 2548 866 2627; baseline -0.002 -20"><span class='ocrx_word' id='word_1_82' title='bbox 267 2562 324 2607; x_wconf 78' lang='lat' dir='ltr'>tur.</span> <span class='ocrx_word' id='word_1_83' title='bbox 346 2548 486 2626; x_wconf 79' lang='lat' dir='ltr'>equidem,</span> <span class='ocrx_word' id='word_1_84' title='bbox 500 2564 532 2605; x_wconf 93' lang='lat' dir='ltr'>ut</span> <span class='ocrx_word' id='word_1_85' title='bbox 546 2548 630 2627; x_wconf 84' lang='lat' dir='ltr'>paulo</span> <span class='ocrx_word' id='word_1_86' title='bbox 647 2562 713 2606; x_wconf 78' lang='lat' dir='ltr'>unte</span> <span class='ocrx_word' id='word_1_87' title='bbox 722 2548 792 2621; x_wconf 81' lang='lat' dir='ltr'>dixi,</span> <span class='ocrx_word' id='word_1_88' title='bbox 806 2568 866 2608; x_wconf 86' lang='lat' dir='ltr'>non</span> 
     </span>
     <span class='ocr_line' id='line_1_20' title="bbox 266 2631 868 2711; baseline 0.005 -20"><span class='ocrx_word' id='word_1_89' title='bbox 266 2631 359 2691; x_wconf 81' lang='lat' dir='ltr'>eadem</span> <span class='ocrx_word' id='word_1_90' title='bbox 368 2631 498 2711; x_wconf 81' lang='lat' dir='ltr'>supplicia</span> <span class='ocrx_word' id='word_1_91' title='bbox 506 2632 556 2692; x_wconf 81' lang='lat' dir='ltr'>effe</span> <span class='ocrx_word' id='word_1_92' title='bbox 567 2636 596 2692; x_wconf 90' lang='lat' dir='ltr'>in</span> <span class='ocrx_word' id='word_1_93' title='bbox 606 2636 766 2694; x_wconf 78' lang='lat' dir='ltr'>homiuibus</span> <span class='ocrx_word' id='word_1_94' title='bbox 776 2633 868 2694; x_wconf 82' lang='lat' dir='ltr'>exissi·</span> 
     </span>
     <span class='ocr_line' id='line_1_21' title="bbox 264 2717 870 2800; baseline 0.003 -21"><span class='ocrx_word' id='word_1_95' title='bbox 264 2739 325 2793; x_wconf 89' lang='lat' dir='ltr'>mo,</span> <span class='ocrx_word' id='word_1_96' title='bbox 337 2717 522 2798; x_wconf 81' lang='lat' dir='ltr'>quaesortaffe</span> <span class='ocrx_word' id='word_1_97' title='bbox 529 2719 870 2800; x_wconf 54' lang='lat' dir='ltr'>pleriquestumnntiunes,</span> 
     </span>
     <span class='ocr_line' id='line_1_22' title="bbox 265 2804 866 2886; baseline 0.002 -20"><span class='ocrx_word' id='word_1_98' title='bbox 265 2804 452 2885; x_wconf 75' lang='lat' dir='ltr'>expulsiones,</span> <span class='ocrx_word' id='word_1_99' title='bbox 463 2827 561 2866; x_wconf 82' lang='lat' dir='ltr'>neces:</span> <span class='ocrx_word' id='word_1_100' title='bbox 574 2807 693 2886; x_wconf 90' lang='lat' dir='ltr'>denique</span> <span class='ocrx_word' id='word_1_101' title='bbox 702 2809 804 2869; x_wconf 87' lang='lat' dir='ltr'>nullam</span> <span class='ocrx_word' id='word_1_102' title='bbox 813 2811 866 2867; x_wconf 88' lang='lat' dir='ltr'>mi·</span> 
     </span>
     <span class='ocr_line' id='line_1_23' title="bbox 266 2893 867 2975; baseline -0.005 -21"><span class='ocrx_word' id='word_1_103' title='bbox 266 2894 295 2954; x_wconf 87' lang='lat' dir='ltr'>hi</span> <span class='ocrx_word' id='word_1_104' title='bbox 305 2914 421 2972; x_wconf 80' lang='lat' dir='ltr'>poenum</span> <span class='ocrx_word' id='word_1_105' title='bbox 432 2893 648 2962; x_wconf 79' lang='lat' dir='ltr'>videturhubere</span> <span class='ocrx_word' id='word_1_106' title='bbox 656 2896 695 2971; x_wconf 85' lang='lat' dir='ltr'>id,</span> <span class='ocrx_word' id='word_1_107' title='bbox 708 2895 785 2975; x_wconf 88' lang='lat' dir='ltr'>quod</span> <span class='ocrx_word' id='word_1_108' title='bbox 795 2894 867 2953; x_wconf 81' lang='lat' dir='ltr'>acci·</span> 
     </span>
     <span class='ocr_line' id='line_1_24' title="bbox 266 2980 868 3060; baseline 0.002 -22"><span class='ocrx_word' id='word_1_109' title='bbox 266 2980 330 3038; x_wconf 87' lang='lat' dir='ltr'>dere</span> <span class='ocrx_word' id='word_1_110' title='bbox 337 2982 494 3053; x_wconf 85' lang='lat' dir='ltr'>innocenti,</span> <span class='ocrx_word' id='word_1_111' title='bbox 505 2982 581 3060; x_wconf 90' lang='lat' dir='ltr'>quod</span> <span class='ocrx_word' id='word_1_112' title='bbox 590 2981 665 3040; x_wconf 81' lang='lat' dir='ltr'>sorti.</span> <span class='ocrx_word' id='word_1_113' title='bbox 678 2982 754 3060; x_wconf 90' lang='lat' dir='ltr'>quod</span> <span class='ocrx_word' id='word_1_114' title='bbox 763 2980 868 3058; x_wconf 77' lang='lat' dir='ltr'>sapien·</span> 
     </span>
     <span class='ocr_line' id='line_1_25' title="bbox 267 3064 869 3145; baseline 0.007 -24"><span class='ocrx_word' id='word_1_115' title='bbox 267 3065 300 3136; x_wconf 90' lang='lat' dir='ltr'>ti,</span> <span class='ocrx_word' id='word_1_116' title='bbox 315 3065 391 3140; x_wconf 91' lang='lat' dir='ltr'>quod</span> <span class='ocrx_word' id='word_1_117' title='bbox 398 3067 476 3123; x_wconf 91' lang='lat' dir='ltr'>bono</span> <span class='ocrx_word' id='word_1_118' title='bbox 485 3069 547 3125; x_wconf 81' lang='lat' dir='ltr'>viro</span> <span class='ocrx_word' id='word_1_119' title='bbox 558 3082 586 3125; x_wconf 89' lang='lat' dir='ltr'>et</span> <span class='ocrx_word' id='word_1_120' title='bbox 598 3070 651 3126; x_wconf 88' lang='lat' dir='ltr'>civi</span> <span class='ocrx_word' id='word_1_121' title='bbox 668 3064 765 3145; x_wconf 81' lang='lat' dir='ltr'>potest.</span> <span class='ocrx_word' id='word_1_122' title='bbox 790 3064 869 3125; x_wconf 85' lang='lat' dir='ltr'>dum·</span> 
     </span>
     <span class='ocr_line' id='line_1_26' title="bbox 268 3149 869 3227; baseline 0.002 -19"><span class='ocrx_word' id='word_1_123' title='bbox 268 3152 347 3208; x_wconf 82' lang='lat' dir='ltr'>natio</span> <span class='ocrx_word' id='word_1_124' title='bbox 362 3149 421 3222; x_wconf 78' lang='lat' dir='ltr'>ista,</span> <span class='ocrx_word' id='word_1_125' title='bbox 432 3170 502 3227; x_wconf 89' lang='lat' dir='ltr'>quac</span> <span class='ocrx_word' id='word_1_126' title='bbox 519 3153 549 3212; x_wconf 92' lang='lat' dir='ltr'>in</span> <span class='ocrx_word' id='word_1_127' title='bbox 565 3166 593 3210; x_wconf 85' lang='lat' dir='ltr'>te</span> <span class='ocrx_word' id='word_1_128' title='bbox 608 3154 756 3227; x_wconf 81' lang='lat' dir='ltr'>flagitatur,</span> <span class='ocrx_word' id='word_1_129' title='bbox 769 3152 869 3226; x_wconf 80' lang='lat' dir='ltr'>obtigit</span> 
     </span>
     <span class='ocr_line' id='line_1_27' title="bbox 267 3234 887 3316; baseline -0.01 -22"><span class='ocrx_word' id='word_1_130' title='bbox 267 3241 300 3294; x_wconf 88' lang='lat' dir='ltr'>P.</span> <span class='ocrx_word' id='word_1_131' title='bbox 314 3234 435 3292; x_wconf 82' lang='lat' dir='ltr'>Rutilio:</span> <span class='ocrx_word' id='word_1_132' title='bbox 449 3235 528 3315; x_wconf 85' lang='lat' dir='ltr'>quod</span> <span class='ocrx_word' id='word_1_133' title='bbox 541 3235 686 3316; x_wconf 68' lang='lat' dir='ltr'>specimen</span> <span class='ocrx_word' id='word_1_134' title='bbox 693 3239 887 3295; x_wconf 57' lang='lat' dir='ltr'>unctum</span> 
     </span>
     <span class='ocr_line' id='line_1_28' title="bbox 259 3309 904 3407; baseline 0.003 -21"><span class='ocrx_word' id='word_1_135' title='bbox 259 3322 358 3386; x_wconf 80' lang='lat' dir='ltr'>civitas</span> <span class='ocrx_word' id='word_1_136' title='bbox 380 3324 589 3390; x_wconf 69' lang='lat' dir='ltr'>innocentiae.</span> <span class='ocrx_word' id='word_1_137' title='bbox 618 3324 721 3407; x_wconf 52' lang='lat' dir='ltr'>cuntot</span> <span class='ocrx_word' id='word_1_138' title='bbox 734 3309 904 3388; x_wconf 30' lang='lat' dir='ltr'>uouit&amp;</span> 
     </span>
    </p>
   </div>
   <div class='ocr_carea' id='block_1_3' title="bbox 0 0 1130 4175">
    <p class='ocr_par' dir='ltr' id='par_1_3' title="bbox 0 0 1130 4175">
     <span class='ocr_line' id='line_1_29' title="bbox 0 0 1130 4175; baseline 0 0"><span class='ocrx_word' id='word_1_139' title='bbox 0 0 1130 4175; x_wconf 95' lang='lat' dir='ltr'> </span> 
     </span>
    </p>
   </div>
  </div>
 </body>
</html>
