2234 4175
194 537 866 861 -

413 1008 704 1073 r'nontrnonn.
805 1008 869 1093 445*

257 1117 286 1180 sa
297 1114 355 1178 telo
362 1114 425 1189 eset
435 1112 510 1187 usus,
522 1134 582 1174 non
593 1106 715 1177 hominia
727 1108 858 1181 occiden-

258 1203 287 1265 di
294 1203 373 1265 causa
380 1200 588 1263 babuisseteiunt
597 1200 776 1285 judicaretur.
789 1196 858 1286 ejus.

257 1296 372 1373 propiet
385 1293 439 1351 boe
453 1298 565 1351 maneat
583 1290 614 1349 in
630 1287 721 1367 eausa,
733 1292 857 1369 Judices.

256 1392 316 1436 non
331 1378 407 1438 enim
422 1375 532 1460 dubito,
543 1376 613 1455 quin
629 1378 794 1455 probaturus
810 1379 858 1443 fim

256 1465 338 1523 vobis
346 1460 530 1524 defensionem
539 1480 639 1537 meam,
653 1462 709 1523 siid
725 1469 858 1528 memine-

255 1552 328 1621 ritis,
338 1545 549 1629 quodoblivisci
557 1568 616 1608 nou
625 1548 857 1627 potestit‚infidia·

231 1635 346 1696 5torem
363 1636 428 1714 jure
444 1633 562 1695 interfici
579 1634 663 1715 posse.
731 1639 859 1718 Sequitur

256 1720 337 1797 iilud,
348 1722 447 1802 quoda
456 1721 702 1784 Milonisinimicis
711 1719 858 1804 saepissime

254 1807 367 1882 dicitur,
378 1807 497 1881 caedem
510 1808 540 1864 in
550 1826 604 1884 qua
614 1814 643 1867 P.
657 1808 774 1869 Clodius
782 1815 857 1871 occi·

253 1890 619 1979 susesi‚i'enatumjudicaffe
626 1907 725 1952 contra
732 1900 859 1975 rempub·

253 1980 336 2039 licam
344 1979 396 2037 esse
404 1977 596 2038 sutiamillam
604 1999 672 2039 vero
680 1978 857 2045 senatusnon

255 2063 400 2126 sententiis
417 2063 470 2123 suis
487 2063 586 2139 solum,
608 2063 747 2127 sedetiam
763 2067 856 2129 studiis

254 2145 458 2231 comprobavit.
475 2153 585 2232 quoties
596 2152 715 2212 enimest
724 2153 769 2213 illa
778 2156 857 2217 causa

255 2240 364 2300 anobis
373 2243 430 2298 asia
442 2240 472 2298 in
488 2237 597 2297 senatu?
611 2242 712 2319 quibus
731 2240 854 2304 aisenfio·

254 2328 337 2387 nibus
353 2323 472 2385 univerfi
490 2324 612 2384 ordinis?
625 2347 709 2406 quam
722 2348 774 2390 nec
787 2332 855 2389 taci-

254 2415 303 2484 tis,
317 2434 368 2472 nec
375 2411 508 2473 occultis?
521 2412 854 2494 quandoenimsrequen·

252 2499 351 2558 tissimo
359 2497 451 2557 senatu
461 2497 763 2575 quatuor‚sdsummum
772 2503 854 2578 quin·

252 2603 308 2663 que
323 2583 385 2641 sunt
407 2584 527 2651 inventi,
550 2584 598 2659 qui
615 2584 730 2643 Milonis
747 2585 854 2649 causam

253 2687 313 2728 non
322 2668 486 2750 probarent?
499 2666 639 2728 declarant
646 2672 728 2748 hujus
740 2674 854 2734 ambusti

251 2757 357 2816 tribuni
369 2756 455 2837 plebis
464 2753 525 2812 illae
534 2758 731 2816 intermortuae
740 2762 853 2821 concio·

252 2862 315 2918 nes,
326 2844 428 2921 quibus
447 2839 572 2919 quotidie
588 2843 676 2901 meam
696 2850 851 2921 potentiam

251 2927 387 2989 invidiose
395 2929 602 3000 criminabatur,
615 2930 799 3006 condiceret,
812 2934 852 2991 se·

250 3029 347 3074 natum
360 3036 419 3074 non
431 3013 507 3092 quod
520 3012 642 3089 sentiret,
655 3014 698 3074 sed
710 3018 786 3093 quod
799 3040 852 3095 ego

251 3099 361 3174 vellem,
374 3100 528 3159 decernere.
552 3119 624 3177 quae
638 3101 749 3179 quidem
765 3101 784 3161 fi
799 3125 852 3184 po·

251 3186 337 3245 tentia
345 3183 381 3242 cst
389 3183 550 3263 appellanda
562 3188 666 3262 potius,
677 3207 758 3264 quam
767 3210 852 3269 prop·

249 3272 435 3347 termagnaiu
450 3271 654 3351 rempublicam
663 3275 869 3332 mesitanneiix-

239 3358 315 3416 ocris
321 3358 353 3417 iu
364 3359 453 3421 bonis
462 3357 555 3424 caufis
562 3361 885 3437 austoritasputpwu

536 3456 616 3532 1⁴3
