2234 4175
380 1000 416 1055 c,
434 997 529 1054 ΜΒ.
548 993 772 1053 POSTUMO.
823 1011 875 1072 321

265 1102 311 1164 rs?
326 1119 403 1177 nem,
414 1114 568 1162 utventnm
578 1096 616 1159 est
624 1095 823 1160 Alexandriam
831 1097 865 1159 ad

265 1188 404 1262 Auletem,
420 1185 543 1263 Judices‚
558 1188 625 1246 haec
637 1205 692 1252 uns
701 1186 795 1244 ration
806 1206 873 1264 rege

238 1301 242 1306 ·
265 1273 406 1355 proposita
422 1272 551 1334 Postumo
573 1271 611 1331 est
626 1270 774 1331 servandae
785 1273 869 1351 pecu·

268 1355 870 1437 nise,iicurationem‚etquafidispensatio-

267 1465 331 1508 nem
339 1450 442 1527 regiam
453 1442 614 1524 suscepiffer.
637 1443 666 1503 id
677 1459 767 1502 aurem
780 1443 871 1504 facere

267 1554 327 1593 non
344 1546 465 1614 poterat,
487 1530 537 1590 nifi
552 1530 705 1590 dioecetes:
725 1532 779 1590 hoc
793 1533 870 1592 eninr

267 1621 489 1692 nomineutitur,
500 1618 549 1697 qui
561 1637 647 1694 arege
657 1614 721 1676 effet
736 1616 876 1677 constitu--

267 1720 325 1765 rus.
335 1704 460 1764 odiosum
469 1704 611 1781 negotium
624 1701 750 1762 Postumo
760 1704 870 1764 videbo·

267 1806 330 1870 rur:
354 1789 399 1849 sed
414 1806 471 1849 erat
490 1789 567 1848 nulla
587 1792 704 1848 omnino
724 1788 868 1851 recusatio.

267 1874 409 1937 molestum
424 1878 506 1935 etiarn
524 1894 627 1933 nomen
643 1873 748 1953 ipsum:
770 1873 813 1934 sed
827 1897 870 1935 res

267 1965 382 2022 habebat
394 1982 498 2021 nomen
510 1964 564 2019 hoc
585 1961 657 2039 apud
670 1959 745 2035 ilios,
757 1982 817 2020 non
825 1964 871 2022 hic

267 2047 443 2128 imposuerat.
452 2047 549 2108 oderat
557 2046 681 2108 vestitum
690 2048 772 2108 etiam
780 2047 868 2117 illurn:

267 2132 312 2194 sed
321 2134 375 2194 fine
384 2155 419 2194 eo
431 2154 594 2194 necnomen
609 2133 677 2193 illud
687 2149 804 2212 poterat,
817 2157 875 2196 nec·

267 2241 373 2281 munus«
386 2223 466 2281 tueri.
491 2241 557 2299 ergo
573 2221 667 2280 aderat
678 2223 750 2296 ‘vis‚
761 2225 769 2250 '
781 2237 812 2281 ut
831 2224 871 2282 ait

264 2324 347 2388 poeta
358 2308 402 2366 ille
410 2306 510 2382 noster,
523 2308 612 2386 ‘quae
625 2307 742 2368 summas
756 2307 870 2387 frangit,

266 2394 276 2426 ‘
288 2394 464 2474 infirmatque
472 2399 562 2474 opes!
571 2413 736 2468 moreretur,
747 2398 868 2474 inquies.

266 2501 331 2541 nsm
339 2478 365 2540 id
373 2480 608 2560 sequitur.feciffet
616 2480 720 2554 cerredi
728 2479 870 2539 finemax·

266 2568 324 2626 imo
331 2567 475 2641 dedecore,
487 2583 544 2626 tarn
555 2567 696 2645 impediris
712 2564 767 2624 suis
775 2568 870 2641 rebus,

228 2684 254 2720 ῃ
267 2650 502 2734 poruiffefemori.
572 2652 667 2712 Nolite
679 2653 764 2729 igitur
778 2652 869 2713 fortu-

267 2760 331 2800 nam
340 2756 501 2800 convertere
513 2740 542 2796 in
555 2739 682 2818 culpamz
696 2758 785 2818 neque
799 2742 870 2816 regis

266 2828 395 2904 injuriam
408 2827 490 2903 hujus
499 2827 604 2884 crimen
615 2840 727 2905 putare:
741 2845 791 2884 nec
804 2846 872 2885 con·

266 2912 353 2974 filium
363 2933 399 2972 ex
411 2912 575 2986 neceffitste,
588 2932 640 2970 nec
651 2911 824 2971 voluntatem
833 2932 870 2971 ex

270 3003 300 3059 vi
308 3001 498 3079 interpretari:
511 2995 561 3056 nifi
568 2996 641 3056 forte
648 3017 697 3057 eos
706 3001 799 3070 etiam,
819 3000 869 3074 qui

267 3088 299 3145 in
310 3084 410 3160 hostes,
422 3100 468 3143 aut
477 3087 505 3143 in
514 3083 668 3162 praedones
680 3080 869 3154 inciderinr,sr

268 3171 348 3230 aliter
355 3172 495 3249 quippiam
504 3170 591 3228 coadii
598 3168 794 3246 faciant‚quam
803 3168 871 3225 libe·

267 3278 310 3331 re,
321 3254 520 3335 vituperandos
533 3271 625 3333 putes.
649 3273 732 3312 nemo
748 3252 877 3313 nostrdm

262 3336 909 3423 ignorarsstiamfiexperisnoninsnnsnojx·

552 3439 630 3506 05
