2234 4175
843 991 1008 1051 PRO.
1045 988 1422 1047 MILONE.
1625 986 1744 1064 269

533 1108 837 1174 aret,quem
850 1091 1011 1155 clodi
1019 1112 1081 1152 us
1092 1097 1272 1151 Roma
1285 1087 1634 1171 proficistens
1651 1112 1737 1151 re-

533 1185 773 1262 liquerat
782 1180 1244 1241 morientemiuni
1254 1174 1740 1238 flaiaestamentum

526 1267 689 1329 fimul
698 1265 979 1344 obfignavi
990 1286 1117 1326 eum
1129 1263 1737 1325 Clodioztestamentum
1765 1306 1770 1311 -

538 1369 718 1415 autem
742 1353 923 1435 palam
942 1352 1170 1426 fecerat,
1206 1365 1263 1412 et
1282 1351 1436 1411 illum
1459 1350 1740 1426 heredem,

534 1456 593 1511 et
614 1461 703 1513 me
724 1438 1024 1520 scripserat.
1070 1458 1238 1518 quem
1261 1437 1438 1518 pridie
1465 1441 1604 1499 bora
1627 1453 1740 1498 ter·

535 1527 615 1603 tia
650 1529 887 1587 animam
924 1524 1200 1585 efflantem
1241 1522 1559 1604 reliquisset,
1609 1546 1737 1585 eum

536 1629 818 1675 mortuum
835 1610 1091 1692 postridie
1112 1615 1253 1671 hora
1267 1610 1481 1672 decima
1495 1610 1740 1691 denique

457 1707 512 1756 ¹9
537 1704 589 1769 ei
610 1699 997 1759 nuntiabatur?
1138 1705 1280 1775 Age,
1305 1695 1370 1757 fit
1397 1701 1475 1757 ita
1498 1699 1698 1758 facium
1718 1721 1738 1758 ε

536 1806 679 1867 quae
694 1783 872 1859 causa,
900 1804 996 1843 cur
1014 1786 1250 1845 Romam
1267 1785 1612 1863 properaret?
1641 1805 1741 1845 cur

535 1875 600 1932 in
633 1877 853 1932 nostem
878 1869 930 1929 se
952 1870 1285 1946 conjiceret?
1326 1868 1460 1948 quid
1483 1869 1743 1931 afferebat

538 1957 695 2020 causa
712 1957 1104 2015 festinationis?
1125 1954 1279 2035 quod
1293 1959 1452 2016 heres
1465 1958 1607 2017 erat?
1630 1958 1742 2036 pri-

539 2044 692 2105 mtim
715 2057 830 2102 erat
848 2041 1108 2115 nihil‚cur
1124 2057 1421 2124 properato
1436 2064 1576 2124 opus
1593 2041 1742 2104 esset:

540 2130 772 2192 deinde:
799 2128 836 2189 fi
859 2131 992 2210 quid
1010 2129 1160 2204 effet,
1201 2130 1331 2209 quid
1358 2130 1578 2191 tandem
1602 2148 1744 2208 crat,

540 2218 694 2298 quod
719 2237 782 2276 ea
805 2221 965 2277 nocte
994 2216 1259 2295 consequi
1296 2217 1467 2297 posset
1482 2242 1500 2291 3
1527 2220 1743 2278 amitte-

539 2320 624 2366 ret
639 2320 843 2381 autem,
871 2302 910 2362 fi
925 2302 1181 2383 postridie
1208 2308 1372 2364 mane
1400 2312 1632 2366 Romam
1656 2326 1748 2366 ve-

539 2389 724 2451 niss'et?
753 2407 938 2471 atque,
964 2407 1025 2449 ut
1046 2391 1124 2450 illi
1142 2397 1449 2451 noc'turnus
1467 2392 1534 2452 ad
1559 2395 1747 2453 urbem

540 2476 811 2538 adventus
823 2477 1084 2537 vitandus
1097 2480 1475 2556 potiu8,quam
1489 2492 1751 2557 expeten-

539 2563 643 2624 dus
661 2562 793 2620 suit:
821 2562 889 2620 fic
914 2561 1576 2635 Miloni,cum⁰infidiator
1592 2562 1746 2638 cffitt,

539 2647 579 2708 fi
602 2648 755 2722 illum
779 2647 849 2706 ad
863 2651 1053 2707 urbem
1077 2653 1244 2708 noctu
1268 2648 1594 2709 acceffurum
1615 2650 1746 2710 scie-

537 2733 1225 2814 bat,subfidendum‚atque
1239 2738 1638 2815 expectandum
1656 2738 1746 2796 su·

537 2824 606 2883 it.
654 2827 820 2881 noctu
838 2820 1116 2880 invidioso
1133 2837 1189 2880 et
1204 2823 1371 2901 pleno
1390 2823 1667 2884 latronum
1684 2826 1746 2883 in

539 2908 670 2971 loco
695 2906 1162 2968 occidiffet.nemo
1178 2912 1228 2968 ei
1247 2913 1473 2987 neganti
1493 2933 1611 2970 non
1630 2931 1747 2971 cre-

539 2994 775 3070 didisset,
801 3014 965 3073 quem
982 2994 1084 3054 esse
1100 3016 1297 3055 omnes
1328 2996 1558 3070 salvum,
1582 2999 1747 3056 etiam

541 3080 923 3154 confitentem,
941 3080 1161 3141 volunt.
1181 3080 1497 3140 sustinuiffet
1513 3085 1621 3140 hoc
1638 3086 1747 3141 cri-

541 3187 669 3228 men
695 3166 928 3244 primflm
942 3164 1058 3245 ipse
1079 3168 1172 3226 ille
1191 3169 1472 3228 latronum
1496 3168 1744 3226 occulta-

543 3267 636 3310 tor
651 3268 703 3309 et
720 3267 1027 3332 receptator
1039 3253 1227 3327 locus,
1248 3254 1385 3313 dum
1396 3273 1589 3331 neque.
1603 3269 1779 3309 mnu».

519 3334 770 3410 hlitudo
785 3338 1111 3419 indicass'et,
1147 3363 1348 3424 neque
1363 3360 1546 3403 caece.
1562 3357 1708 3397 nov·-
1721 3328 1801 3388 05-

1076 3436 1257 3512 ΜΞ,
