2234 4175
419 964 503 1023 Pto
521 963 712 1025 M1toNE.
813 983 867 1044 2⁷3

260 1089 322 1133 non
339 1081 452 1149 paratus
464 1066 537 1127 Milo
546 1066 652 1127 -contta
663 1066 752 1142 ilium,
763 1082 795 1127 ut
806 1091 868 1131 non

260 1155 326 1217 satie
341 1155 398 1216 fere
412 1152 477 1215 effet
499 1170 624 1233 paratus.
656 1152 761 1235 semper
777 1155 822 1215 iile
837 1173 868 1217 et

260 1259 399 1323 quantum
409 1238 548 1301 iuteteffet
556 1248 589 1302 P.
601 1239 695 1301 Clodii
704 1239 730 1299 se
738 1244 866 1322 perire‚et

259 1344 366 1409 quanto
374 1328 414 1389 illi
426 1327 493 1387 odio
501 1324 607 1402 effet,et
617 1342 753 1408 quantum
763 1327 808 1387 ilie
816 1350 867 1389 au·

257 1415 344 1491 deret,
357 1416 507 1492 cogitabat.
530 1416 710 1492 quamobrem
725 1415 866 1475 vitamsu·

256 1522 313 1579 am,
326 1522 409 1582 quam
417 1500 546 1565 mximit
557 1503 686 1580 praemiis
694 1499 864 1582 propofitam

255 1604 284 1649 et
298 1591 371 1669 pene
386 1588 520 1649 additium
538 1585 650 1663 sciebat,
673 1607 815 1667 nunquam
831 1593 863 1650 in

254 1674 408 1755 perieulum
417 1673 473 1735 fine
485 1672 619 1753 praefidio
635 1689 663 1735 et
671 1672 728 1733 fine
739 1673 861 1736 custodia

254 1762 429 1839 projiciebat.
460 1759 530 1819 adde
547 1758 636 1835 casus,
657 1759 725 1821 adde
736 1763 860 1823 incertos

253 1850 345 1907 exitus
358 1866 526 1927 pugnarum,
540 1852 715 1925 Martemque
730 1867 857 1907 commu·

252 1954 329 2005 nem,
345 1936 392 2011 qui
404 1932 481 2012 saepe
492 1931 659 2013 spoliantem
672 1933 731 2010 jam
743 1948 770 1990 et
778 1934 858 1992 exul-

253 2034 358 2078 tantem
367 2021 506 2095 evettit,et
515 2018 634 2100 perculit
643 2020 677 2079 ab
686 2019 856 2097 abjeeiomd-

252 2103 286 2166 de
297 2105 430 2168 inscitiam
445 2105 546 2187 pransi,
561 2108 633 2186 poti,
648 2104 792 2168 oscitantis
804 2108 857 2170 du·

228 2207 233 2216 “
251 2196 308 2255 cis:
322 2195 370 2274 qui
381 2209 555 2272 cumatetgo
563 2192 666 2253 hostem
675 2193 853 2256 interclusum

250 2278 407 2360 reliquisset,
419 2281 489 2340 nihil
496 2282 530 2343 de
536 2282 597 2359 ejus
605 2282 736 2342 extremis
744 2284 856 2342 comiti·

249 2368 443 2447 buscogitavit
453 2391 461 2427 t
472 2370 502 2430 in
514 2388 588 2447 quos
605 2368 734 2429 incensos
744 2369 795 2442 ira,
810 2373 856 2429 vi-

249 2468 360 2533 tamque
369 2453 475 2515 domini
483 2454 658 2535 desperantes
674 2454 855 2515 cumincidis-

250 2539 300 2613 set,
312 2538 432 2599 haefitin
442 2543 477 2599 iis
493 2542 604 2620 poenis,
616 2560 685 2619 quas
693 2542 727 2597 ab
739 2560 772 2598 eo
781 2538 853 2601 servi

249 2625 340 2685 fidele&
349 2646 400 2705 pro
408 2626 514 2686 domini
522 2629 580 2687 vita
588 2628 791 2706 expetiverunt.
802 2650 852 2687 cur

248 2714 389 2791 igitureos
397 2712 552 2774 manumisit
565 2716 575 2773 ?
588 2714 726 2773 metuebat
737 2712 850 2788 scilicet,

248 2800 461 2861 neindicarent:
475 2822 510 2860 ne
521 2800 647 2860 dolorem
657 2800 776 2881 perfetre
788 2823 850 2861 non

246 2886 368 2968 peffent:
387 2909 423 2947 ne
431 2890 577 2948 tormentis
593 2904 759 2965 cogerentur
774 2892 849 2947 occi·

246 2972 477 3054 sumeffeaservis
487 2976 603 3034 Milonis
612 2977 641 3032 in
657 2978 749 3055 Appia
757 2977 802 3032 via
814 2983 845 3035 P.

247 3060 377 3121 Clodium
388 3062 526 3123 confiteri.
550 3060 618 3140 quid
631 3080 701 3141 opus
710 3059 846 3120 esttotto-

246 3146 291 3205 re?
304 3148 371 3225 quid
386 3148 508 3226 quaeris?
527 3146 717 3206 occideritne?
730 3147 846 3210 occidit.

239 3234 316 3309 jure,
328 3235 486 3311 aninjutia?
498 3233 569 3293 nihil
578 3234 771 3293 adtottotem.
791 3232 858 3290 iae-

233 3320 259 3378 ti
264 3320 339 3382 enim
346 3322 377 3382 in
386 3320 486 3386 eculeo
495 3321 627 3403 quaestio
637 3318 690 3399 eii,
699 3318 874 3399 ’μήλῳ
