2234 4175
369 970 712 1029 momentano.
806 984 840 1043 4¹

237 1080 284 1138 bat
296 1073 450 1151 oratio.qni
459 1074 533 1130 enim
542 1086 637 1130 tantus
645 1069 723 1129 furor
734 1070 763 1129 in
773 1076 844 1131 Cae·

238 1162 294 1220 iio?
307 1158 383 1237 quod
393 1174 503 1217 tantum
514 1173 562 1215 ant
576 1158 606 1214 in
619 1158 744 1214 moribus
762 1173 842 1216 natu-

242 1266 324 1324 raque
331 1244 446 1318 vulnus,
457 1258 505 1302 aut
512 1244 542 1300 in
551 1262 581 1300 re
588 1258 672 1319 atque
679 1240 844 1301 fortunaiu·

241 1333 267 1391 bi
281 1329 404 1407 denique
419 1328 457 1387 est
472 1331 502 1387 in
523 1326 571 1386 ista
587 1325 740 1402 suspicione
756 1328 843 1386 Caelii

241 1436 342 1476 nomen
360 1414 507 1474 auditum?
527 1414 645 1471 nimium
664 1411 749 1471 multa
767 1413 800 1473 de
812 1433 843 1473 re

242 1502 354 1561 minime
364 1500 449 1559 dubia
464 1500 585 1576 loquora
598 1501 651 1557 hbe
664 1512 754 1556 tamen
766 1499 842 1572 dico,

242 1605 300 1645 nnn
317 1584 438 1645 modofi
453 1584 544 1643 socius
561 1584 780 1659 conjurationis,
796 1584 842 1644 sed

242 1671 292 1733 nist
305 1670 503 1731 inimiciffimua
521 1667 597 1727 istius
617 1666 724 1729 sceleris
742 1668 842 1745 sufflet,

243 1776 386 1833 nunquam
402 1756 605 1830 conjurationis
626 1753 798 1813 accusatione
813 1776 843 1813 a·

242 1840 438 1901 dolescentiam
446 1839 520 1898 suam
531 1840 695 1919 potiffimum
704 1861 845 1898 commen·

242 1926 309 1985 dare
324 1924 462 1985 voluiiiet.
486 1925 573 2003 quod,
585 1925 657 1982 haud
668 1923 735 1996 scio,
755 1945 791 1982 an
810 1925 845 1982 de

243 2014 349 2071 ambitu
357 2010 426 2069 etde
435 2009 658 2069 criminibuaistis
674 2008 805 2069 sodalium
815 2031 847 2069 aa

243 2097 417 2178 sequestrium
429 2095 578 2176 (quoniam
589 2101 644 2155 huc
658 2097 758 2173 incidi)
773 2097 845 2155 fimi·

243 2185 304 2242 liter
324 2182 547 2263 respondendum
565 2199 669 2262 putem.
702 2203 844 2262 nunquam

243 2272 318 2328 enim
330 2285 386 2327 tam
398 2268 508 2327 Caelius
520 2288 615 2326 amena
625 2267 724 2340 sufflet,
737 2284 778 2342 ut,
792 2268 845 2327 fise

243 2353 292 2414 isto
301 2354 416 2414 infinito
424 2354 525 2412 ambitu
533 2354 847 2427 commaculnisetmmbi·

244 2455 287 2499 tua
296 2437 568 2498 aiterumaccnsaret:
581 2460 670 2517 neque
678 2441 737 2514 ejus
745 2438 807 2495 fanti
816 2440 846 2497 in

243 2527 329 2584 aitero
335 2523 514 2601 suspicionem
522 2521 811 2602 quaereret‚cnjusipse
817 2520 848 2580 si-

242 2613 267 2668 bi
278 2626 436 2690 perpetuam
444 2610 582 2669 licentiam
592 2624 713 2688 optaret:
722 2609 801 2682 nec,ii
812 2608 844 2667 si·

242 2698 270 2753 bi
279 2695 360 2754 semel
376 2695 526 2773 periculum
540 2698 656 2753 ambitus
673 2693 844 2755 subeundum

243 2780 542 2859 putaret,ipsealterum
552 2784 650 2839 iterum
659 2783 777 2839 ambitis
790 2784 843 2841 cri-

243 2865 475 2925 minearcefferet.
492 2866 566 2942 quod
576 2887 735 2944 quanquam
744 2888 794 2925 nec
803 2865 844 2923 sa·

244 2954 353 3028 pienten
363 2966 391 3008 et
404 2972 446 3009 me
465 2951 555 3008 invito
567 2952 643 3023 facit,
657 2967 746 3008 tamen
767 2952 802 3010 est
814 2974 844 3009 e·

242 3035 362 3111 jufinodi
378 3036 546 3113 cupiditatis,
566 3052 597 3094 ut
614 3039 702 3112 magis
717 3037 844 3094 insetin'ri

246 3120 355 3179 alterius
366 3123 568 3192 innocentiam,
580 3142 662 3199 quam
674 3123 708 3178 de
716 3121 741 3177 se
750 3121 844 3176 timide

242 3209 364 3282 cogitare
372 3207 575 3267 videatur.nam
586 3206 666 3289 quiid
673 3225 721 3265 ata
728 3205 854 3263 aiitnnm

233 3293 370 3368 objectum
383 3292 431 3374 est,
443 3292 577 3382 sumptus
593 3291 872 3387 mmmmm&-
