2234 4175
373 905 662 967 PROMILONE.
763 926 814 987 241

215 1032 350 1079 creemur.
373 1008 440 1093 quid
455 1011 529 1071 enim
539 1010 622 1072 nobit
633 1008 753 1085 duobus,
764 1020 817 1091 Ju-

217 1096 548 1177 dicerlaborioliurlquid
557 1097 647 1176 magio
657 1095 818 1177 sollicitum,

216 1188 313 1264 magir-
324 1187 486 1260 exercitum,
504 1183 560 1247 dici
574 1198 621 1244 rut
632 1182 700 1262 fingi
710 1186 815 1265 potest?

217 1270 562 1355 quispe·ampliffimorum
578 1273 762 1350 prteruiorurn
780 1272 816 1337 ad

215 1358 411 1439 rempublicam
418 1356 613 1431 adduciimem
621 1357 816 1421 crudeliffirno·

215 1466 275 1509 rum
284 1444 480 1524 suppliciorum
486 1463 579 1505 carere
590 1464 649 1505 non
657 1444 815 1524 pollemus?-

215 1531 341 1615 equidcm
349 1547 469 1593 currerat
482 1528 652 1610 tempestates
666 1547 695 1591 et
706 1533 814 1612 procel·

215 1620 292 1681 latin
301 1618 356 1678 illia
363 1617 500 1685 duntaxat
511 1618 636 1677 fluuibua
643 1621 816 1681 concionum

216 1705 318 1783 smper
337 1707 432 1785 putavi
451 1703 556 1765 Miloni
574 1698 626 1762 effe
647 1701 814 1781 subeundas,

216 1789 291 1875 quod
300 1788 403 1868 semper
411 1811 463 1871 pro
470 1789 553 1849 bonit
564 1803 664 1847 contra
671 1790 815 1868 improbos

216 1876 349 1941 senserat:
364 1879 393 1935 in
403 1876 509 1953 judicio
520 1893 600 1946 vcro,
612 1887 639 1932 et
648 1875 676 1933 in
685 1875 817 1935 roconfi·

216 1967 267 2037 iio,
278 1965 307 2020 in
320 1982 378 2040 quo
389 1981 425 2019 ex
435 1958 694 2021 cunniaordinitus
704 1960 816 2042 amplis·¹

216 2050 272 2112 mni
286 2049 336 2108 viti
346 2046 513 2126 judicarent,
525 2066 667 2126 nunquam
678 2046 814 2110 existima·

216 2141 244 2200 vi
252 2135 324 2218 spem
333 2135 416 2195 ullam
425 2134 476 2195 elle
484 2134 751 2200 habiturosMilonis
759 2139 816 2197 ini·

216 2227 315 2297 micon,
326 2221 359 2281 ad
371 2222 430 2299 ejus
439 2244 497 2282 non
505 2220 617 2281 salutem
625 2222 709 2283 modo
721 2227 815 2283 extin-

216 2311 360 2390 guendam,
372 2308 414 2368 sed
423 2312 503 2370 etiam
512 2309 627 2387 gloriam
637 2330 684 2387 per
693 2310 761 2368 tales
770 2314 814 2370 vi·

216 2419 262 2458 roa
270 2395 644 2473 infringendamquanquam
652 2396 682 2451 in
695 2398 816 2455 baccau-

216 2482 253 2556 so,
268 2482 392 2557 Judices,
406 2487 447 2540 T.
458 2482 545 2537 Annii
558 2480 709 2551 tribunatu,
722 2480 814 2540 rebus·

216 2589 270 2646 que
279 2568 408 2625 omnibus
421 2587 472 2645 pro
488 2562 572 2622 sainte
584 2563 748 2642 reipublicae
754 2567 814 2644 ges·

217 2656 264 2728 tit,
276 2653 309 2712 ad
324 2652 404 2727 hujus
420 2653 544 2711 criminis
555 2648 740 2712 defensionum
755 2675 814 2714 non

217 2744 369 2812 abutemur,
393 2737 443 2796 nifi
463 2738 549 2796 oculis
566 2739 689 2796 videritis
705 2739 815 2800 infidias

217 2826 343 2887 Milonio
355 2824 456 2883 Clodio
470 2826 569 2883 salias:
587 2847 636 2883 nec
648 2825 816 2903 deprecaturi

217 2912 317 2984 sumus,
329 2928 359 2968 ut
368 2914 472 2970 crimen
481 2915 535 2969 hoc
545 2915 624 2970 nobis
636 2912 721 2969 multo
731 2933 816 2990 prop·

217 3013 259 3056 tcr
267 2997 434 3075 praeclaram
444 2997 636 3074 rempublicam
646 2998 741 3053 merita
748 3018 817 3055 con·

217 3084 340 3142 donetis:
360 3103 410 3139 nec
423 3083 592 3160 postulaturi,
605 3098 636 3139 ut
657 3080 761 3139 simors
781 3091 814 3143 P.

217 3167 309 3227 Clodii
320 3165 479 3225 immuniti-a
488 3167 687 3238 fucrit,idcirco
694 3171 824 3224 cumir-

217 3256 266 3315 tuti
272 3253 392 3316 Milonis
402 3257 510 3337 potius,
520 3275 613 3336 quum
623 3251 851 3335 nouuiuixumue

344 3351 365 3389 ⁴*
528 3353 563 3411 L
