2234 4175
404 871 488 928 utto
506 870 695 929 MILONE.
802 868 858 953 263

255 974 352 1038 lisama
366 975 397 1033 iu
407 969 471 1034 soto
481 972 562 1035 caede
572 971 655 1034 fuant
667 976 806 1055 potuitne,
820 983 857 1040 L.

259 1062 384 1136 Caecilii,
400 1059 531 1139 justissimi
549 1059 738 1142 fortissimique
749 1080 860 1144 praeto·

261 1152 313 1226 ria,
324 1163 482 1230 oppugnata
496 1148 596 1208 domo?
608 1150 736 1229 potuitne
746 1151 862 1229 illudit,¹

260 1257 323 1298 autu
331 1235 431 1308 estiata
440 1235 659 1296 lexdenueicum
667 1238 754 1296 totius
767 1237 863 1299 Italiae

260 1321 422 1397 concursus,
441 1341 523 1401 quern
537 1341 598 1381 met
615 1320 685 1382 seius
697 1327 862 1404 concitant,

261 1409 324 1470 sotii
332 1407 407 1470 illiue
415 1408 626 1486 gloriamlibenr
639 1409 806 1488 agnovisset:
819 1428 864 1489 ut,

256 1495 371 1558 etiami]
383 1496 411 1556 id
421 1495 493 1556 Milo
499 1493 610 1571 fecisset,
621 1499 824 1559 cuntiacivitat
832 1519 865 1558 e·

225 1608 248 1653 15
264 1582 424 1645 mniandem
435 1580 540 1664 prosua
551 1581 719 1643 vindicaret?
775 1586 864 1665 Atqui

265 1686 326 1730 erat
337 1670 367 1730 id
385 1670 517 1750 temporit
536 1668 693 1729 clariffimua
711 1684 739 1729 et
755 1670 864 1731 fortitu·

265 1755 444 1831 mutuamus,
454 1758 584 1824 inimicus
593 1756 706 1830 Clodio,
719 1763 750 1815 P.
759 1764 866 1818 Lentu·

267 1844 326 1918 iou,
336 1843 411 1903 ultor
419 1841 523 1901 sceleris
533 1843 619 1919 illiue,
631 1858 820 1922 propugnator
828 1843 867 1903 se·

268 1946 362 2004 natus,
372 1927 498 1989 defensor
517 1929 619 1989 v'essrae
634 1928 798 2004 voluntatis,
818 1951 867 2011 pa·

269 2031 368 2076 tronus
381 2016 454 2075 illiua
467 2017 568 2098 publici
584 2013 741 2091 consensus,
760 2016 867 2078 restitu-

268 2120 315 2165 tor
323 2103 414 2163 salutis
423 2124 512 2163 menet
525 2103 624 2185 septem
641 2120 790 2184 praetores,
803 2110 868 2167 otio

270 2191 477 2271 tribuniplebis,
489 2190 561 2250 illius
574 2190 729 2264 adversarii,
742 2191 868 2253 defenso·

271 2279 392 2337 r'eameie
401 2282 605 2358 Cn.Pompeius
614 2279 807 2337 anetoretdux
815 2282 870 2338 mei

272 2364 388 2439 reditus,
399 2365 471 2422 iilius
485 2365 589 2423 hostis:
609 2366 689 2441 cujus
709 2361 870 2424 sententiam

273 2448 381 2510 senatus
392 2452 485 2509 omnis
493 2450 526 2507 de
535 2448 619 2508 salute
627 2470 686 2507 mea
693 2448 872 2524 gravissumam

274 2553 302 2596 et
309 2536 500 2596 ornatissimam
509 2533 670 2596 secutusett:
683 2536 872 2614 quipopulum

275 2626 432 2682 Romanum
444 2624 607 2682 cohortatus
618 2619 671 2681 este
692 2623 750 2701 qui,
765 2644 826 2682 cum
838 2623 873 2682 de

274 2729 319 2769 me
326 2709 464 2769 decretum
473 2715 580 2789 Capuae
595 2709 670 2782 feeit,
682 2707 747 2788 ipse,
759 2714 874 2768 cunt‘iae

275 2796 370 2856 Italiae
378 2797 606 2875 cupienti,etejus
615 2795 694 2855 fidem
702 2795 876 2875 imploranti,

276 2880 382 2960 fignum
394 2882 552 2955 dedit‚utad
563 2904 606 2942 me
614 2882 804 2941 restituendum
816 2887 875 2939 Ro·

277 2988 348 3024 mam
357 2983 563 3026 concurrerent.
587 2970 746 3026 omniatum
756 2966 877 3044 denique

279 3053 308 3110 in
325 3050 401 3109 illum
414 3051 478 3109 odia
489 3053 591 3112 civium
602 3053 734 3112 ardebant
745 3050 877 3113 defidcrio

279 3138 348 3197 mei:
362 3157 442 3215 quem
451 3141 497 3214 qui
508 3153 567 3198 tum
575 3136 847 3211 interemmemmn
857 3137 900 3190 ue

268 3224 438 3303 impunitate
448 3225 525 3308 ejus,
537 3225 587 3292 sed
599 3229 634 3294 tie
643 3227 788 3311 putamina
801 3223 901 3299 &iiii
